3284 5517
796 834 848 885 DE

496 1122 744 1203 CAUSA
800 1122 1147 1204 PHYstcA

225 1428 433 1527 FLUX
442 1426 526 1527 US
573 1428 667 1526 ΕΤ
714 1426 1121 1527 REFLUXUS
1166 1425 1413 1526 MARIS.

313 1755 338 1803 A
355 1754 427 1803 RD.
441 1751 678 1805 macutum
695 1753 1063 1811 nummolum
1078 1754 1327 1815 motmunt,

414 1920 439 1971 E
454 1920 664 1971 somnum
683 1922 893 1973 neruum:
910 1922 1221 1973 EDINBURGDNMS.

316 2292 506 2377 Ophiamtn
519 2299 682 2357 conmenta
697 2290 775 2355 delet
786 2293 862 2371 dies,
878 2300 999 2356 natum
1011 2290 1139 2375 finiuit
1151 2292 1315 2375 cuffiam

697 2672 883 2754 sufflo
908 2672 941 2751 Ι.

649 2916 977 2985 PHAENOMENA.

172 3094 401 3191 Pnrmsomr
422 3130 543 3209 ιιιιιιιι
561 3120 657 3187 maris
679 3120 833 3207 triplicem
846 3122 922 3187 olim
936 3124 1170 3211 ugnoverumt*,
1194 3122 1353 3201 diurnum,
1368 3144 1457 3187 men·

168 3244 290 3297 ιιιιιιι
304 3241 337 3294 et
350 3250 508 3307 anmrum3
530 3241 619 3295 motu
633 3228 749 3295 diurno
762 3254 849 3297 mare
866 3232 918 3296 bis
933 3232 1064 3321 singulis
1078 3231 1213 3302 diebus
1204 3232 1381 3299 numescit
1401 3231 1456 3296 de-

166 3335 307 3425 fluitque,
329 3346 490 3401 menstruo
503 3347 598 3401 reatus
612 3335 646 3399 in
661 3336 794 3425 syzygiis
815 3336 1016 3403 lumirrurium
1030 3353 1194 3427 augentur,
1210 3338 1243 3403 in
1258 3336 1456 3459 quadraturis

166 3447 360 3523 minuuntur,
386 3465 492 3511 annuo
517 3442 653 3529 denique
674 3457 770 3513 aestus
797 3442 911 3529 hyeme
939 3442 1034 3530 quim
1056 3456 1165 3509 oesute
1192 3444 1274 3509 fiunt
1301 3444 1455 3530 majores.

165 3551 275 3617 verdun
288 3552 498 3639 phaenomena
506 3548 581 3615 haec
590 3562 670 3617 sunt
681 3550 779 3637 pauld
793 3547 966 3615 accuratius
978 3550 1195 3637 proponenda.

210 3662 237 3727 1.
260 3660 372 3727 Motus
393 3660 489 3725 muris
511 3658 644 3725 diurnus
666 3658 837 3724 absolvitur
857 3658 944 3723 horis
965 3657 1089 3723 circiter
1110 3657 1265 3723 solaribus
1283 3664 1330 3723 nt
1349 3658 1455 3724 miuu-

112 3792 118 3809 ·
165 3770 267 3859 tisque
289 3767 398 3855 primis
420 3776 473 3845 48,
496 3766 658 3833 intervallo
672 3765 790 3831 scilieet
809 3762 959 3850 temporis
976 3786 1040 3851 quo
1061 3764 1154 3829 Luna
1175 3776 1265 3829 motu
1283 3779 1455 3849 apparente

164 3877 371 3943 amendiano
392 3874 454 3941 loci
475 3875 611 3961 cujusvis
625 3872 766 3963 digressa
779 3872 820 3938 ad
834 3873 969 3939 eundem
987 3874 1162 3938 revertitur.
1209 3870 1299 3937 Hine
1319 3873 1454 3941 altitudo

164 3984 259 4049 araris
280 3984 419 4047 maxima
432 3981 586 4071 contingit
608 3978 701 4045 Luni
717 3980 894 4067 appellente
907 3978 948 4043 ud
967 3980 1076 4045 datum
1091 3980 1186 4045 situm
1202 3994 1344 4065 respectu
1359 3984 1454 4047 meri·
1476 4056 1480 4063 ¹

164 4096 250 4160 diani
270 4095 332 4157 loci
350 4092 435 4170 dati3
457 4092 566 4157 renim
580 4090 660 4157 hora
674 4092 783 4157 solaris
805 4094 840 4156 in
854 4105 949 4179 quent
960 4092 1074 4157 incidit
1086 4104 1182 4157 aestus
1196 4092 1326 4181 singulis
1341 4094 1452 4163 diebus

162 4206 349 4284 retardatur,
374 4202 485 4269 codem
510 4200 575 4267 sert
599 4202 762 4267 intervallo
787 4224 852 4289 quo
876 4202 979 4268 Lunte
1004 4202 1155 4287 appulsus
1176 4202 1217 4267 ad
1241 4203 1452 4272 rneritfianum

160 4316 231 4381 loci.
277 4316 383 4403 Atque
403 4312 456 4379 hic
476 4325 580 4380 motus
597 4310 677 4377 adeo
692 4310 835 4379 accurate
856 4312 896 4376 ad
913 4326 1035 4377 motum
1057 4313 1160 4378 Lunae
1173 4316 1381 4400 componitur,
1406 4332 1449 4399 ut,

162 4420 336 4488 secundtim
362 4421 594 4485 observationes
620 4444 640 4485 a
664 4420 761 4491 celeb.
784 4421 830 4485 D.
853 4420 977 4485 Cossini
998 4420 1116 4499 aluus,
1139 4422 1221 4488 ratio
1242 4424 1284 4491 sit
1304 4424 1451 4500 habenda

160 4530 250 4596 hcrae
272 4532 306 4596 iu
327 4550 422 4618 quem
443 4527 553 4594 incidit
573 4550 648 4593 uera
669 4528 849 4613 conjunctio
869 4528 919 4593 vel
940 4530 1097 4615 oppositio
1113 4532 1206 4611 Solis,
1228 4546 1261 4599 et
1281 4538 1451 4622 aquatica
1620 4535 1628 4547 '

601 4718 613 4745 ·
628 4712 691 4763 nu
706 4708 759 4763 ιιι
775 4712 812 4763 ιι.
829 4715 887 4779 σιμ
900 4714 1003 4767 ιιιιιι

777 4799 801 4854 Q
816 4805 831 4845 3
