3284 5517
395 380 588 448 FLUXUS
611 382 672 447 AC
696 377 951 446 REFLUXUS
975 375 1136 442 MARIS.
1349 382 1407 437 341

118 555 298 722 1⁴4?ss
312 599 346 682 (9
359 595 387 662 p
398 593 443 682 ⁹p
458 606 491 674 4.
506 616 529 679 p
539 591 676 675 ³,-r³)
712 591 764 658 Ex
777 589 862 656 bric
853 590 949 678 igitur
959 586 1093 653 formula
1106 587 1255 674 sequitur,
1269 609 1295 650 sr
1285 586 1413 652 Lunae

120 765 287 831 declinatio
308 769 347 832 sit
372 769 460 834 nulla
481 792 536 832 seu
552 769 637 844 Q:
658 777 689 845 0,
712 778 779 830 turn
794 765 916 830 nudum
932 763 1061 827 omnino
1075 776 1186 828 aestum
1201 762 1234 827 in
1251 762 1291 828 M
1306 763 1413 827 obser-

120 873 187 938 vari
201 873 327 938 debere
372 875 470 951 Quod
493 877 519 938 si
541 887 646 939 autem
668 873 762 937 Luna
781 872 897 936 habeat
917 870 1085 948 borealem,
1108 882 1176 933 tum
1191 871 1231 934 ad
1250 871 1414 934 transitum

1278 971 1406 1100 ΈΟᾳΧ

1277 1077 1378 1146 ab³P

122 1199 156 1281 (9
169 1192 256 1280 P2p
276 1206 309 1273 ÷
328 1194 433 1281 p
387 1195 522 1276 -r³);
544 1207 576 1259 at
596 1194 673 1258 dum
695 1193 819 1258 Luna'
809 1215 843 1256 m
865 1191 1015 1256 alterutro
1037 1191 1155 1256 circulo
1176 1189 1302 1254 horario
1324 1202 1415 1253 sexto

55 1385 57 1389 Ι
120 1315 271 1380 versetur,
297 1315 365 1366 tum
389 1325 503 1389 aquam
528 1302 569 1366 ad
594 1300 732 1365 libellam
761 1299 937 1365 naturalem
966 1298 1034 1362 fore
1062 1299 1282 1373 constitutam3
1320 1293 1414 1361 Lunai

121 1425 227 1477 autem
248 1411 331 1476 infra
350 1413 547 1476 horizontem
560 1410 602 1474 ad
622 1409 829 1474 meridianum
844 1408 1030 1494 appellante,
1053 1429 1164 1493 aquam
1182 1405 1263 1470 infra
1276 1404 1415 1469 libellam

122 1023 225 1087 Lunae
245 1045 304 1108 per
324 1023 532 1086 meridianum
554 1019 749 1106 superiorem
769 1039 883 1106 aquam
905 1017 1005 1082 attolli
1026 1015 1066 1080 ad
1088 1015 1263 1100 spatium-
1242 1053 1375 1079 4——

121 1562 356 1646 depressum''
319 1585 358 1626 nr
371 1586 429 1649 per
445 1563 632 1647 spatium..
599 1587 632 1602 -
599 1520 770 1688 ..ἲ-ἓξ
787 1563 821 1645 (9
838 1557 928 1644 P²p
946 1570 980 1635 ÷
998 1555 1049 1644 p³
1063 1595 1107 1607 -
1121 1580 1138 1622 r
1151 1557 1198 1640 ³);
1223 1559 1415 1623 contrarium

122 1731 256 1819 denique
276 1731 344 1806 fore
364 1746 485 1812 aestum,
509 1734 535 1797 si
561 1732 655 1798 Luna
675 1731 789 1796 habeat
810 1729 1051 1796 declinationem
1071 1731 1250 1796 australem.
1297 1730 1337 1795 In
1360 1729 1415 1794 tali

121 1842 217 1929 igitur
237 1843 333 1907 maris
354 1857 457 1908 tractu
479 1843 619 1931 quotidie
639 1843 734 1907 semel
749 1856 871 1907 tantum
885 1864 966 1929 aqua
981 1840 1096 1920 affluet,
1120 1841 1278 1929 semelque
1293 1842 1414 1920 refluet,

124 1954 150 2016 si
165 1953 293 2038 quidem
309 1952 403 2018 Luna
415 1952 530 2018 habeat
545 1953 804 2030 declinationem
826 1973 900 2016 nam
915 1951 942 2016 si
957 1950 1051 2016 Luna
1064 1963 1256 2038 aequatorem
1271 1963 1414 2036 occupat,

122 2072 216 2122 oestus
231 2059 360 2123 omnino
375 2059 434 2124 erit
448 2059 564 2123 nullus.

166 2173 191 2248 ᾗ.
209 2174 282 2232 180.
305 2167 358 2232 Ex
380 2165 442 2230 hoc
463 2190 538 2231 casu
560 2165 718 2253 aptissime
743 2165 893 2251 explicari
917 2187 1017 2252 posse
1036 2165 1159 2231 videtur
1184 2165 1417 2251 pbaenomenon

121 2271 200 2336 illud
216 2274 310 2339 aestbs
325 2273 502 2362 singularis,
526 2274 628 2360 quiin
641 2285 737 2358 portu
752 2273 915 2360 Tunquini
930 2273 970 2338 ad
986 2273 1137 2338 Batsham
1152 2275 1344 2352 observatur,
1362 2275 1417 2340 ubi

121 2383 251 2446 omnino
271 2397 308 2447 ut
329 2383 363 2446 in
384 2396 539 2467 praesente
560 2405 635 2447 casu
649 2382 726 2446 dum
742 2382 836 2447 Luna
851 2384 883 2446 in
898 2395 1058 2468 aequatore
1071 2395 1223 2459 versatur,
1243 2405 1330 2448 mare
1345 2383 1417 2447 nul·

123 2489 189 2553 lum
211 2501 323 2553 aestum
345 2488 456 2565 sentit3
477 2501 510 2552 at
530 2487 607 2552 dum
630 2487 723 2552 Luna
737 2500 915 2552 removetur
930 2487 970 2552 ab
985 2499 1144 2572 aequatore
1159 2487 1207 2550 vel
1229 2486 1337 2552 versrls
1359 2489 1417 2552 bo·

121 2618 207 2660 ream
227 2596 279 2660 vel
299 2593 406 2660 versiis
428 2607 578 2673 austrum,
605 2594 745 2681 quotidie
765 2617 847 2680 aqua
868 2594 963 2658 semel
989 2605 1111 2657 tantum
1136 2593 1235 2658 affluit
1258 2594 1417 2682 semelque

121 2703 233 2780 refluit,
255 2723 387 2787 prorsus
408 2713 445 2766 nt
465 2701 604 2766 calculus
624 2701 826 2777 monstravit3
850 2701 968 2764 scilicet
983 2701 1009 2764 si
1025 2699 1127 2763 Lunae
1143 2696 1310 2765 declinatio
1323 2701 1418 2770 fuerit

121 2810 266 2888 borealis,
289 2833 372 2897 aqua
387 2809 495 2875 versrls
518 2810 621 2875 Lunae
636 2833 792 2887 occasum,
814 2809 877 2874 hoc
891 2823 939 2874 est
960 2824 1031 2894 post
1046 2808 1212 2873 transitum
1236 2811 1338 2876 Lunae
1358 2835 1417 2898 per

121 2917 328 2981 meridianum
342 2939 437 3002 super
452 2917 625 2995 horizonte,
641 2916 749 2995 affluit,
765 2915 873 2981 versus
888 2928 993 2981 ortum
1007 2915 1083 2980 verb
1097 2916 1215 2994 defluit,
1232 2941 1303 3004 quae
1318 2934 1416 2985 retar-

124 3025 210 3089 datio
231 3025 272 3090 ab
293 3023 404 3089 incrtii
426 3047 517 3111 aquae
538 3040 571 3090 et
592 3037 680 3088 motu
702 3023 743 3088 ad
764 3024 870 3089 littora
884 3023 1050 3108 provenire
1064 3023 1248 3110 intelligitur
1261 3039 1298 3088 ut
1311 3023 1416 3110 suprd.

123 3131 243 3197 contra
265 3131 341 3198 verb
363 3133 391 3196 si
413 3133 516 3197 Lunae
538 3131 706 3198 declinatio
723 3132 763 3197 sit
785 3132 940 3210 australis,
962 3154 1044 3218 aqua
1058 3130 1244 3217 deprimitur
1267 3133 1359 3198 Lunai
1375 3133 1416 3199 ad

120 3263 267 3306 occasum
289 3242 468 3320 inclinante,
497 3241 589 3307 Lunai
617 3253 725 3322 autern
747 3241 878 3319 oriente,
909 3241 1077 3307 attollitur:
1112 3265 1183 3329 quae
1207 3242 1417 3328 phaenomena

120 3347 263 3435 apprime
278 3349 468 3414 conveniunt
482 3371 556 3412 cum
570 3371 644 3414 casu
658 3349 755 3414 rnodb
769 3349 923 3435 exposito.
966 3349 1025 3413 Est
1038 3363 1191 3435 praeterea
1205 3352 1336 3418 elevatio
1350 3352 1416 3438 poli

121 3456 284 3543 Tunquini
300 3464 364 3521 20⁰.
381 3459 442 3521 ὅθ’.
461 3455 606 3533 borealis,
622 3468 716 3543 atque
729 3477 816 3520 mare
831 3457 977 3542 utrinque
991 3453 1064 3519 crim
1085 3457 1262 3522 Peninsulis
1278 3456 1345 3524 tilm
1361 3461 1415 3525 In-

121 3563 196 3627 sulis
211 3563 252 3627 ab
267 3577 402 3650 utroque
417 3562 547 3628 Oceano
564 3561 703 3626 Pacifico
718 3575 751 3628 et
765 3562 877 3627 Indico
892 3561 956 3627 fere
974 3584 1102 3647 prorsus
1118 3577 1289 3648 separatur,
1306 3567 1414 3631 saltem

122 3685 158 3736 ut
179 3673 279 3738 libera
293 3675 537 3738 communicatio
556 3697 624 3738 non
644 3674 742 3739 adsit:
765 3687 920 3760 praeterea
934 3672 986 3739 hic
1000 3674 1084 3739 idem
1099 3676 1194 3740 maris
1211 3690 1338 3756 tractus,
1362 3680 1416 3765 qui
1502 3673 1511 3694 ‘

121 3780 233 3846 versrls
253 3783 382 3846 boream
403 3783 445 3847 ad
466 3783 573 3846 littora
599 3781 705 3870 Regni
726 3781 890 3868 Tunquini
912 3783 1106 3860 terminatur,
1131 3783 1310 3848 extenditur
1333 3784 1415 3848 ultra

119 3902 310 3976 aequatorem
332 3889 374 3953 ad
398 3889 515 3978 gradus
540 3890 664 3954 circiter
685 3897 737 3954 45.
761 3891 849 3974 cujus
870 3888 1043 3953 latitudinis
1065 3889 1151 3954 sinus
1171 3889 1294 3954 circiter
1316 3889 1415 3975 duplo
1488 3913 1492 3921 ¹

118 3995 220 4079 major
234 4005 292 4072 est,
317 3991 412 4079 quiam
427 3995 513 4058 sinus
534 3995 707 4059 latitudinis
729 3994 863 4058 borealis
886 3993 950 4058 20⁰.
967 3997 1047 4060 512:
1070 3993 1218 4080 quocirca
1232 4017 1273 4060 ex
1289 3993 1339 4058 his
1354 3997 1414 4060 cir·

119 4100 315 4165 cumstantiis
326 4121 385 4184 per
394 4113 535 4164 nostram
547 4101 700 4165 theoriam
711 4101 822 4166 eadem
838 4101 906 4186 ipsa
917 4099 1087 4188 singularia
1100 4100 1312 4186 phaenomena
1319 4104 1414 4168 restris

117 4210 215 4274 maris
231 4209 390 4274 observari
409 4209 536 4288 debent,
557 4231 630 4295 quae
644 4222 716 4275 actu
730 4211 955 4274 observantur:
980 4221 1072 4296 atque
1088 4209 1148 4275 hoc
1163 4211 1258 4275 modo
1273 4212 1300 4274 si
1315 4211 1415 4276 ullum

117 4310 224 4383 adbuc
245 4317 376 4381 dubium
400 4317 484 4381 circa
505 4329 644 4381 nostram
667 4317 822 4382 theoriam
848 4316 1003 4402 reliquum
1024 4317 1141 4396 fuisset,
1168 4320 1201 4384 id
1225 4319 1414 4388 resolutione

117 4427 211 4513 hujus
226 4425 378 4491 mirabilis
392 4424 594 4510 pbaenomeni
610 4423 749 4490 funditis
764 4425 922 4490 sublatum
936 4423 975 4488 iri
990 4423 1187 4494 confidimus.

437 4633 538 4684 1²1le
555 4633 687 4683 PRIMAE
701 4632 836 4684 rantis
848 4633 949 4686 Tontr
961 4633 1101 4684 rnatu.
