3284 5517
1101 340 1226 411 ΕΤ,
1271 338 1783 414 REFLUXUS
1827 339 2145 406 MARIS.
2348 309 2355 315 ’
2778 340 2906 399 219

1349 557 1703 624 LEMMA
1755 559 1883 643 111.

413 728 731 798 Ponamus
775 731 1132 817 particulas·
1159 754 1498 816 corporum
1540 730 1757 797 versus
1800 755 1868 796 se
1908 730 2127 797 mutue
2168 732 2478 820 gravitate
2518 733 2753 798 viribus
2789 733 2901 799 de-

322 838 747 903 crescentibus
792 842 859 903 in
902 839 1148 904 inversa
1178 840 1492 925 duplicata
1523 842 1764 906 ratione
1793 841 2234 907 distantiarum
2251 867 2291 907 a
2318 864 2386 906 se
2413 843 2700 921 invicem,
2746 844 2901 909 sint-

321 945 800 1031 quePAEa
838 948 1542 1036 PBFbsimilespy-

322 1052 589 1117 ramides
617 1054 718 1118 vel
746 1055 888 1119 coni
932 1078 1013 1119 ex
1042 1057 1301 1122 materia
1331 1057 1543 1143 hujus-
2321 1076 2335 1086 ‘
2606 1077 2617 1135 ἶ
2765 1044 2842 1108 A

323 1159 493 1224 modi
521 1160 712 1225 homo
791 1185 908 1227 nea
932 1185 1072 1227 com
1159 1187 1209 1229 ει
1304 1178 1422 1229 ent
1466 1188 1544 1229 ue

320 1269 590 1353 gravitas
647 1161 971 1353 pagreticulae
1033 1165 1541 1339 PPCiuasoli-dilim
1632 1228 1696 1293 P
1775 1112 2871 1371 Αἶα.

323 1373 380 1438 Ρ
403 1376 467 1437 Α
489 1374 547 1438 Ε
569 1397 608 1441 a
630 1375 709 1438 ad
729 1378 1098 1462 gravitatem
1117 1379 1397 1463 ejusdem
1413 1403 1560 1465 par—

317 1479 572 1544 ticulae
555 1503 618 1543 ιιι
651 1482 920 1547 solidum
953 1483 1010 1548 P
1041 1483 1100 1548 B
1135 1485 1189 1548 F
1215 1485 1260 1549 b
1291 1498 1360 1549 ut
1390 1486 1446 1551 P
1468 1488 1532 1551 A
1553 1486 1636 1551 ad
1667 1487 1724 1552 P
1745 1487 1823 1564 B,
1855 1485 1955 1551 vel
1982 1498 2054 1550 ut
2079 1485 2416 1576 ho'mologa
2437 1488 2671 1574 quaevis
2700 1488 2898 1553 latera

323 1589 552 1654 horum
581 1591 942 1657 solidorum.

411 1700 706 1765 Gravitas
735 1704 902 1766 enim
929 1704 1256 1788 particulae'
1303 1704 1357 1769 P
1386 1705 1450 1767 in
1481 1703 1877 1789 superficiem
1906 1703 2185 1789 quamvis
2216 1705 2279 1768 A
2311 1704 2370 1768 E
2399 1727 2437 1767 a
2467 1704 2529 1767 A
2571 1716 2809 1788 puncto
2840 1706 2897 1769 P

315 1811 780 1875 concentricam
823 1824 917 1876 est
958 1824 1030 1876 ut
1073 1812 1433 1898 superficies
1475 1811 1616 1878 hoec
1660 1811 1892 1899 directe
1922 1825 1986 1876 et
2009 1812 2387 1898 quadratum
2415 1811 2576 1875 radii
2620 1813 2677 1876 P
2706 1813 2769 1876 A
2797 1814 2897 1877 in-

312 1915 513 1993 verse,
546 1916 626 1981 ad
635 1918 836 2002 e6que
866 1930 960 1982 est
989 1940 1237 2004 semper
1265 1918 1485 1983 eadem
1511 1920 1577 1982 in
1607 1918 1825 2004 quae'ivis
1851 1917 2143 1981 distantia
2178 1916 2233 1981 P
2262 1918 2345 1981 A.
2436 1918 2653 1993 Quare
2688 1918 2899 2005 gravi-

311 2036 408 2087 tas
434 2022 761 2106 particulae
794 2024 850 2087 P
877 2022 1096 2088 versus
1124 2037 1325 2089 totum
1356 2024 1626 2089 solidum
1659 2025 1716 2089 P
1737 2026 1801 2089 A
1826 2024 1938 2088 Ea
1966 2024 2085 2087 erit
2113 2024 2192 2087 ad
2222 2024 2589 2111 gravitatem
2618 2026 2893 2109 ejusdem

249 2126 256 2133 ’
309 2130 638 2215 particulae
669 2129 885 2195 versus
915 2143 1119 2196 totum
1147 2131 1416 2195 solidum
1451 2132 1506 2196 P
1530 2132 1587 2196 B
1613 2132 1668 2195 F
1688 2131 1732 2195 b
1762 2144 1833 2195 ut
1862 2131 1919 2195 P
1942 2132 2005 2195 A
2034 2130 2118 2194 ad
2148 2130 2203 2194 P
2229 2130 2305 2194 B.

410 2241 549 2304 Cor.
588 2249 644 2303 1.
697 2240 877 2304 Hinc
904 2241 1237 2327 gravitates
1268 2241 1492 2327 quibus
1519 2239 1848 2325 particulae
1874 2239 2154 2303 similiter
2184 2239 2319 2302 sitoe
2348 2251 2636 2322 respectu
2666 2237 2896 2301 solido-

310 2368 457 2409 rum
486 2346 786 2409 similium
818 2358 883 2409 et
909 2345 1444 2433 homogeneorum
1473 2346 1688 2410 versus
1717 2345 1855 2409 haec
1884 2344 2085 2409 solida
2122 2358 2445 2431 urgentur,
2488 2356 2634 2410 sunt
2671 2356 2743 2407 ut
2768 2345 2896 2408 dis-

313 2453 528 2519 tantiae
568 2453 1020 2539 particularum
1064 2478 1103 2518 a
1142 2456 1391 2538 punctis
1435 2455 1719 2518 similiter
1748 2454 1879 2518 sitis
1924 2454 1990 2517 in
2034 2454 2182 2538 ipsis
2213 2452 2444 2530 solidis,
2478 2454 2573 2517 vel
2603 2468 2676 2517 ut
2701 2454 2899 2518 latera

310 2561 546 2646 quaevis
591 2560 935 2624 solidorum
979 2560 1333 2650 homologa.
1425 2561 1682 2646 Quippe
1723 2561 1864 2624 haee
1904 2560 2106 2624 solida
2139 2559 2368 2623 resolvi
2409 2572 2673 2644 possunt
2701 2561 2769 2623 in
2812 2562 2897 2626 si-

307 2666 487 2730 miles
520 2687 713 2731 conos
752 2666 853 2730 vel
898 2666 1274 2752 pyramideS,
1320 2667 1421 2732 vel
1462 2668 1686 2732 similia
1724 2666 1956 2732 horum
1982 2665 2197 2744 stusta,
2242 2687 2384 2752 quae
2414 2666 2672 2731 vertices
2701 2666 2895 2731 habe-

308 2773 466 2839 bunt
492 2775 558 2837 in
587 2774 906 2859 particulis
941 2774 1411 2861 gravitantibuS.

400 2886 538 2949 Cor.
603 2892 665 2948 2.
744 2883 923 2947 Hinc
985 2884 1172 2948 etiam
1230 2883 1409 2949 facile
1467 2886 1747 2972 sequitur

312 2992 405 3075 (¹¹⁶)
473 2990 645 3077 qued
704 2992 756 3055 si
816 2991 1086 3055 annulus
1147 2993 1472 3079 ellipticuffi
1535 2994 1755 3081 figuris

310 3102 614 3164 similibus
660 3101 728 3164 D
759 3101 816 3165 B
837 3123 877 3163 a
896 3099 960 3178 b,
1018 3101 1086 3164 D
1106 3124 1148 3164 ιι
1172 3100 1215 3165 (1
1249 3100 1312 3165 N
1364 3102 1749 3179 terminatuS,

308 3208 474 3274 circzi
503 3233 687 3274 axem
718 3210 1084 3273 alterutrum
1126 3208 1500 3286 revolvatur,
1546 3209 1753 3295 gravi·
1796 3252 1801 3257 -

307 3331 500 3383 tatem
530 3318 856 3403 particulae
883 3320 1048 3382 intra
1070 3314 1340 3380 solidum
1363 3314 1452 3377 sic
1472 3314 1753 3401 genitum

310 3428 468 3504 sitae,
516 3426 614 3489 vel
645 3428 710 3490 in
745 3425 1025 3490 interiori
1056 3426 1187 3509 ejus
1217 3421 1544 3506 superficie
1580 3420 1750 3503 posi-

304 3544 412 3611 toe,
445 3533 661 3599 versus
693 3534 816 3599 hoc
847 3534 1113 3598 solidum
1146 3550 1551 3605 evanescere;
1593 3551 1750 3614 quo-

304 3643 475 3706 niam
505 3644 557 3707 si
586 3657 758 3709 recta
779 3644 1016 3730 quaevis
1039 3640 1358 3726 ellipsibus
1387 3638 1559 3701 hisce
1582 3638 1752 3701 simi·
1926 3711 1930 3719 Ι
2082 3715 2086 3723 .
2154 3715 2158 3739 Ι
2302 3719 2307 3741 Ι

302 3751 467 3816 libus
499 3765 564 3817 et
592 3751 873 3816 similiter
899 3750 1117 3835 positis
1147 3759 1454 3824 occurrat,
1486 3746 1752 3832 aequalia
1878 3803 1922 3847 ff.
1966 3751 1974 3797 ἰ
2158 3743 2166 3787 '¹
2298 3743 2302 3759 '

305 3878 553 3944 semper
603 3871 787 3923 erunt
837 3871 1026 3922 reetae
1086 3868 1405 3945 segmenta
1463 3867 1746 3918 extrema

305 3988 452 4052 quae
480 3967 561 4030 ab
592 3965 913 4050 ellipsibus
942 3965 1424 4050 intercipiuntur
1442 3964 1540 4046 (ut
1566 3959 1772 4025 facile

305 4077 676 4146 ostenditur,
703 4099 783 4140 ex
836 4076 1057 4140 natura
1105 4076 1328 4139 harum
1376 4070 1747 4159 figurarum)

306 4183 592 4270 ade6que
620 4184 783 4247 vires
814 4184 1081 4269 aequalae
1111 4196 1175 4247 et
1194 4180 1502 4266 oppositoe
1531 4178 1599 4241 in
1626 4176 1749 4240 hoc

305 4311 451 4354 casu
483 4314 550 4356 se
578 4289 800 4354 mutue
830 4289 1172 4353 destruent.
1263 4285 1441 4350 Hinc
1467 4284 1619 4355 verb
1652 4306 1748 4347 se-

303 4398 514 4476 quitur
537 4396 708 4485 qubd
729 4397 782 4462 si
806 4398 869 4461 A
895 4397 952 4461 B
971 4419 1010 4459 a
1028 4395 1072 4458 b
1095 4396 1176 4460 sit
1196 4393 1498 4479 sphaerois
1527 4393 1740 4479 genita

1012 4603 1094 4671 (ο)
1119 4605 1230 4655 vid.
1261 4583 1418 4656 1³10th
1447 4609 1553 4658 Lib.
1585 4610 1626 4658 ι.
1660 4610 1801 4673 Ρεορ.
1830 4613 1978 4663 xm.
2021 4615 2129 4665 eor.
2154 4622 2203 4667 3.
