3284 5517
153 345 218 406 996
404 335 901 419 INQUISlTlo·PHYSlCA
922 333 973 400 lN
996 329 1192 398 CAUSAM

150 499 1436 603 reguumpertoradtsonetmlunmeridimopattasimuaddtfferenuam
1484 525 1493 542 ,

151 603 396 687 manaem
412 623 494 714 son
508 635 542 686 a
555 622 657 687 Lunae
671 630 775 706 potest
784 617 1023 694 aoeommoam,
1040 616 1084 678 ia
1094 625 1129 678 ut
1139 623 1263 678 manen
1276 611 1436 676 inversu
1516 627 1519 632 ·

153 728 219 795 Sed
232 728 275 793 ad
286 750 426 814 praesens
438 729 625 806 institutum,
636 749 700 814 quo
713 738 836 791 tantum
845 725 1007 791 veritatem
1019 743 1123 786 oausae
1132 720 1284 784 llnxrisac
1298 719 1436 782 refluxus

150 833 246 900 maris
260 834 410 900 exhibitae
422 835 584 901 declarare
598 833 778 912 annitimur,
800 853 866 896 non
881 851 960 916 opus
974 839 1023 894 est
1036 827 1106 892 haec
1123 825 1266 912 pluribus
1280 824 1435 911 persequi,

152 941 270 1031 ΨῙΡΡΘ
282 963 354 1034 (μ
366 942 564 1026 potissimum
575 941 619 1006 ad
633 941 880 1009 accuratissimus
893 935 988 1002 estus
1002 935 1114 1000 marini
1127 935 1250 1002 tabulas
1264 945 1436 1020 supputan-

152 1047 210 1113 das
222 1050 390 1133 pertinent,
401 1071 473 1135 quae
483 1072 534 1116 res
547 1052 581 1116 in
594 1047 755 1135 propositi
766 1047 938 1134 quaetione
951 1043 1167 1111 illustrissimae
1179 1043 1360 1110 Academioe
1370 1062 1437 1106 nou

154 1156 306 1222 wntineri
319 1155 452 1224 videon.

699 1451 880 1474 mm

584 1677 760 1754 CAPUT
784 1675 1011 1752 SEXTUM.

271 1899 333 1974 De
348 1923 430 1974 uero
445 1911 532 1975 uam
548 1900 681 1988 Maris,
706 1912 871 1998 quotenus
886 1899 910 1974 d
928 1901 1051 1975 Terris
1067 1923 1136 1974 nou
1152 1901 1322 1973 barbato.
1341 1989 1347 2004 ,

151 2153 176 2231 l·
193 2155 245 2218 71.
261 2123 376 2238 Qum
390 2149 541 2214 hactenus
555 2171 596 2214 ex
609 2151 727 2215 viribus
744 2150 827 2216 Solis
841 2173 878 2214 ac
893 2149 995 2240 Luuae
1009 2149 1092 2214 circa
1106 2161 1217 2212 aestum
1232 2147 1326 2210 maris
1340 2141 1438 2210 fusilis

152 2253 351 2334 deduximus,
366 2254 404 2319 ei
419 2254 584 2341 hypothesi
598 2256 748 2334 nituntur,
765 2254 911 2333 assumti,
935 2277 997 2340 qua
1015 2275 1128 2341 aquam
1142 2253 1262 2319 inertiae
1278 2263 1438 2337 expertem
1522 2245 1525 2252 ’

151 2361 331 2445 posttimmt
354 2362 558 2448 quamobrem
578 2380 643 2426 non
665 2374 713 2426 est
734 2361 912 2426 mirandum
934 2359 960 2426 si
981 2359 1122 2446 plerique
1144 2359 1271 2424 effectus
1290 2357 1439 2446 assignati

152 2488 224 2532 cum
237 2468 452 2553 phaenomenis
466 2466 569 2532 minsis
583 2481 767 2556 congruant,
790 2479 885 2555 atque
899 2467 978 2532 adeo
992 2487 1134 2554 pugnare
1149 2465 1330 2541 videantur;
1353 2461 1439 2551 qubd

152 2575 277 2642 sienim
296 2577 378 2640 inter
392 2599 426 2642 se
445 2597 575 2662 prorsus
589 2579 799 2656 convenirent,
822 2577 945 2642 theoria
959 2597 1023 2641 non
1038 2575 1138 2642 solim
1153 2597 1216 2640 non
1233 2597 1271 2640 eo
1286 2595 1439 2640 consensu

151 2686 398 2765 confirmaretur,
415 2687 470 2751 sed
485 2684 590 2770 potitis
604 2688 733 2751 omnino
743 2686 983 2762 subverteretur,
1001 2683 1073 2750 ctlm
1086 2684 1215 2771 quilibet
1225 2682 1314 2747 facille
1325 2703 1439 2770 agnos-

151 2801 203 2854 cat
222 2791 265 2855 ob
285 2813 376 2877 aquoe
397 2793 538 2856 inertiam
561 2791 868 2857 determinationibus
890 2791 1036 2856 exhibitis
1058 2791 1218 2880 ingentem
1232 2791 1436 2854 mutationem

151 2898 259 2962 inferri
273 2899 396 2964 debere.
441 2899 524 2975 Quae
538 2913 641 2964 autem
656 2921 697 2964 ex
710 2899 852 2964 deductis
868 2899 1118 2964 conclusionibus
1133 2898 1269 2963 maxime
1283 2898 1323 2962 ab
1338 2918 1435 2981 expe·

152 3001 263 3068 rientii
283 3003 481 3081 dissentim
505 3006 700 3089 potissimum
714 3007 918 3091 quantitatem
934 3005 1114 3084 elevationis
1129 3028 1219 3092 aquoe
1234 3027 1271 3069 ac
1289 3003 1439 3088 temporis

152 3128 357 3192 momentum,
380 3137 443 3203 quo
463 3125 529 3179 tam
550 3137 672 3180 summa
691 3116 786 3180 maris
805 3116 938 3181 elevatio
952 3113 1046 3203 quim
1068 3116 1131 3178 ima
1145 3112 1304 3198 depressio
1319 3113 1440 3176 contin-

151 3243 227 3308 gere
251 3221 339 3298 solet,
365 3221 543 3308 respiciunt
588 3221 752 3309 Nusquam
777 3225 862 3287 enim
886 3222 942 3287 ubi
969 3223 1096 3309 quidem
1122 3244 1208 3285 mare
1234 3233 1281 3284 est
1306 3220 1440 3284 liberum

152 3339 246 3414 atque
261 3341 412 3413 apertum,
429 3341 493 3394 tam
507 3330 657 3417 exiguum
670 3329 837 3394 discrimen
851 3330 933 3393 inter
946 3329 1066 3393 fluxum
1081 3351 1118 3393 ac
1133 3329 1287 3392 refluxum
1302 3329 1335 3391 in
1350 3351 1440 3413 aquoe

152 3437 314 3502 altitudine
328 3437 520 3516 observatur,
536 3439 628 3526 quale
641 3438 674 3502 in
688 3438 938 3523 praecedentibus
952 3437 1161 3516 definivimus,
1178 3451 1312 3525 quatuor
1323 3437 1441 3502 scilicet

152 3547 270 3631 pedum
290 3559 428 3624 tantum3
452 3569 522 3634 quae
543 3548 674 3613 elevatio
695 3548 824 3634 insuper
845 3559 950 3613 tamen
964 3547 1101 3612 maxima
1115 3561 1162 3612 est
1176 3546 1379 3632 deprehensa,
1402 3569 1440 3612 ac

153 3668 221 3720 tum
242 3654 344 3720 solrim
358 3656 508 3733 'orimrda
525 3656 650 3742 quando
671 3667 739 3720 tum
760 3656 847 3744 regio
861 3677 961 3742 prope
975 3667 1165 3743 aequatorem
1187 3667 1234 3718 est
1256 3656 1323 3733 sita,
1346 3653 1440 3742 quim

153 3759 236 3824 vires
253 3761 452 3825 luminarium
472 3761 555 3825 inter
568 3785 602 3826 se
615 3761 751 3826 maxime
766 3763 954 3848 conspirant
1000 3761 1201 3850 Experientii
1217 3785 1350 3850 namque
1366 3783 1441 3826 con·

154 3877 226 3943 stat,
242 3865 400 3949 plerisque
414 3864 447 3926 in
460 3863 546 3942 locis,
568 3866 594 3929 si
615 3878 709 3930 oestus
723 3868 884 3954 contingat
896 3869 1061 3946 maximus,
1077 3855 1190 3953 aquam
1204 3889 1269 3930 non
1284 3865 1385 3932 soltlm
1399 3865 1441 3932 ad

153 3973 349 4040 altitudinem
360 3975 459 4061 duplo
472 3977 631 4061 majorem,
647 3975 702 4040 sed
718 3977 811 4040 etiam
827 3977 1042 4064 quadruplam,
1065 3975 1129 4040 imb
1144 3975 1302 4040 nonnullis
1316 3975 1350 4040 in
1364 3975 1441 4040 locis

153 4079 235 4147 adeo
255 4080 420 4166 decuplam
440 4081 559 4160 attolli3
583 4103 760 4169 quanquam
782 4083 852 4148 haec
873 4085 1008 4148 enormis
1023 4083 1152 4148 elevatio
1167 4105 1232 4148 non
1246 4083 1304 4148 soli
1321 4084 1443 4148 inertiae

154 4210 254 4276 aquoe,
278 4187 334 4252 sed
355 4187 526 4252 maximam
546 4201 670 4274 partem
685 4190 785 4255 vicino
799 4191 971 4256 continenti
990 4214 1028 4254 ac
1041 4191 1181 4256 littorum
1196 4191 1268 4256 situi
1284 4205 1329 4256 est
1343 4191 1443 4256 tribu-

154 4294 246 4371 enda,
273 4295 319 4358 uti
343 4295 377 4358 in
403 4296 546 4382 sequenti
572 4296 685 4381 Capite
709 4297 878 4362 clarissime
904 4299 1137 4364 monstrabitur.
1193 4299 1319 4364 Deinde
1349 4299 1442 4365 etiam

156 4405 243 4493 quod
255 4405 297 4469 ad
311 4417 435 4490 tempus
450 4408 569 4485 attinet,
592 4429 749 4493 nusquam
764 4407 825 4470 illis
845 4409 919 4494 ipsis
933 4409 1108 4487 momentis,
1124 4431 1195 4496 quoe
1210 4411 1441 4498 assignavimus,

154 4515 261 4580 fluxus
275 4535 313 4578 ac
326 4514 466 4579 refluxus
480 4536 620 4601 unquam
642 4516 838 4602 contingunt,
864 4537 921 4580 nec
945 4517 1036 4582 etiam
1051 4517 1285 4604 tempestatibus
1298 4513 1352 4580 hic
1366 4515 1445 4582 defi-

156 4620 230 4687 nitis
250 4621 356 4686 tluxua
377 4620 508 4685 maximi
531 4621 580 4685 vel
606 4620 737 4698 minimi,
764 4621 820 4685 sed
843 4623 959 4710 ubique
980 4621 1099 4690 tarditls
1122 4623 1246 4688 evenire
1267 4631 1446 4688 constanter
