3284 5517
188 334 227 389 98
492 328 832 398 PHILOSOPHIAE
855 330 1129 399 NATURALIS
1161 327 1371 407 [Danm.
1384 328 1478 394 Srsr.

184 517 244 559 nor
258 496 350 564 faciet
364 510 399 563 ut
413 522 494 586 aqua
508 500 655 565 ascendat
674 500 715 565 ad
728 500 918 566 mediocrem
940 497 1134 563 altitudinem
1153 498 1187 559 in
1205 495 1311 561 medio
1325 496 1476 581 ipsorum,

185 623 218 673 et
240 610 319 675 inter·
342 610 474 678 affluxus
497 614 588 678 binos
610 613 747 677 minores
768 635 850 699 aqua
871 609 1019 675 ascendet
1038 608 1080 672 ad
1093 606 1290 672 altitudinem
1304 607 1475 671 minimam.

188 720 240 785 Sic
255 722 355 805 spatio
370 724 479 811 viginti
494 738 628 811 quatuor
647 723 807 800 horarum,
831 744 913 808 aqua
927 744 992 784 non
1006 721 1054 784 bis
1070 733 1105 783 ut
1118 720 1188 783 fieri
1203 719 1292 797 solet,
1309 718 1365 783 sed
1379 718 1476 783 semel

77 892 82 915 ¹
185 841 306 893 tantum
320 832 481 915 perveniet
495 833 535 897 ad
549 832 720 896 maximam
734 830 932 895 altitudinem
946 842 978 893 et
991 826 1088 891 semel
1103 827 1143 891 ad
1158 827 1337 889 minimam:
1358 839 1391 890 et
1404 825 1475 889 alti·

185 937 263 1001 tudo
277 940 423 1018 maxima,
439 941 465 1004 si
480 942 574 1005 Luna
588 940 723 1007 declinat
737 940 770 1001 in
784 938 892 1023 polum
907 960 1002 1023 supra
1014 936 1209 1001 horizontem
1223 935 1296 1013 loci,
1312 934 1429 999 incidet
1440 934 1492 998 in'
1521 950 1528 973 t

185 1044 295 1111 horam
310 1047 359 1111 vel
374 1062 494 1141 sextam
509 1048 557 1113 vel
573 1048 759 1113 tricesimam
774 1048 814 1111 ab
829 1046 963 1131 appulsu
978 1045 1080 1109 Lunae
1095 1045 1136 1107 ad
1150 1043 1367 1121 meridianum,
1380 1055 1474 1130 atque

186 1155 288 1221 Lunae
309 1156 547 1222 declinationem
561 1170 701 1223 mutante
715 1157 888 1222 mutabitur
901 1158 935 1221 in
951 1156 1121 1221 defluxum.
1165 1155 1312 1231 Quorum
1332 1156 1474 1219 omnium

185 1266 363 1351 exemplum
391 1268 425 1331 in
449 1286 543 1353 portu
564 1270 654 1356 regni
675 1268 838 1355 Tunquini
860 1268 902 1332 ad
925 1268 1076 1333 Batsbam
1091 1269 1150 1332 sub
1170 1268 1334 1333 latitudine
1355 1266 1474 1331 boreali
1552 1250 1556 1255 ¹

185 1384 226 1439 20
241 1398 289 1463 gr.
306 1379 367 1441 50'.
413 1376 557 1441 Halieius
579 1399 619 1440 ex
641 1390 807 1441 nautarum
831 1378 1099 1443 observationibus
1120 1377 1274 1463 patefecit
1320 1377 1371 1442 Ibi
1392 1401 1474 1465 aqua

184 1484 236 1551 die
259 1487 423 1551 transitum
446 1486 547 1552 Lunae
569 1508 626 1572 per
645 1500 836 1575 oequatorem
850 1502 1000 1575 sequente
1015 1503 1147 1577 stagnat,
1164 1489 1238 1554 dein
1253 1489 1346 1555 Lunai
1361 1490 1402 1553 ad
1415 1491 1474 1555 bo-

185 1621 270 1661 ream
285 1598 459 1663 declinante
474 1599 583 1683 incipit
596 1600 694 1663 fluere
708 1614 739 1664 et
754 1601 897 1676 refluere,
913 1622 978 1663 non
993 1600 1052 1677 bis,
1068 1612 1104 1664 ut
1117 1600 1151 1662 in
1160 1599 1229 1663 aliis
1241 1599 1405 1683 portubus,
1418 1599 1474 1663 sed

186 1708 280 1771 semel
296 1709 425 1796 singulis
440 1708 567 1785 diebus3
591 1721 622 1773 et
636 1720 730 1773 aestus
745 1710 855 1774 incidit
868 1711 902 1773 in
917 1731 1064 1774 occasum
1079 1709 1191 1787 Lunae,
1214 1709 1359 1775 defluxus
1373 1707 1474 1773 maxi-

186 1840 254 1882 mus
276 1819 308 1881 in
330 1834 442 1883 ortum.
500 1820 582 1883 Cum
604 1820 707 1884 Lunae
727 1820 935 1885 declinatione
956 1833 1089 1909 augetur
1110 1820 1164 1885 hic
1185 1834 1289 1897 aestas,
1311 1843 1412 1906 usque
1432 1819 1474 1884 ad

186 1926 268 1990 diem
290 1928 453 2011 septimam
473 1928 524 1991 rel
538 1940 688 2005 octavam,
712 1927 785 1992 dein
806 1950 865 2013 per
888 1929 966 1994 alios
982 1942 1101 2013 septem
1116 1929 1183 1994 dies
1197 1929 1309 1994 iisdem
1323 1929 1474 2017 gradibus

185 2032 344 2109 decrescit,
368 2034 479 2119 quibus
502 2048 593 2098 antea
614 2046 770 2111 creverat3
793 2046 825 2098 et
845 2035 938 2099 Lunai
953 2036 1192 2100 declinationem
1206 2048 1347 2099 mutante
1362 2049 1473 2113 cessat,

185 2161 221 2203 ac
236 2162 311 2203 mox
325 2154 462 2204 mutatur
476 2140 509 2204 in
523 2121 694 2205 defluxum.
740 2140 857 2205 Incidit
874 2142 958 2205 enirn
973 2142 1106 2206 subinde
1120 2140 1265 2205 defluxus
1278 2142 1312 2204 in
1327 2164 1473 2207 occasum

167 2249 288 2312 ¹Lunae
312 2252 354 2310 et'
370 2246 502 2311 affluxus
526 2248 559 2311 in
584 2260 697 2324 ortum,
722 2245 822 2311 donec
847 2248 940 2311 Luna
965 2248 1079 2311 iterum
1100 2259 1201 2311 mutet
1219 2246 1472 2313 declinationem.

186 2356 300 2420 Aditus
326 2356 366 2419 ad
387 2355 472 2418 hunc
493 2370 620 2441 portum
641 2357 781 2442 fretaque
803 2356 903 2420 vicina
924 2356 1042 2441 duplex
1065 2370 1161 2441 patet,
1191 2357 1272 2421 alter
1292 2355 1334 2422 ab
1355 2381 1475 2423 ooeano

188 2469 310 2535 Sinensi
324 2470 405 2533 inter
422 2467 640 2532 Continentem
657 2483 688 2532 et
702 2468 836 2532 insulam
846 2468 1029 2543 Lucaniam,
1041 2467 1120 2531 alter
1136 2490 1155 2532 a
1171 2468 1251 2531 mari
1268 2466 1380 2532 Indico
1394 2469 1475 2533 inter

187 2578 407 2642 Continentem
423 2588 455 2640 et
476 2575 608 2639 insulam
625 2576 761 2640 Barnea.
810 2576 863 2639 An
882 2588 975 2639 oestus
991 2576 1091 2659 spatio
1109 2575 1259 2640 horarum
1274 2576 1441 2641 duodecim
1456 2602 1489 2641 a·

186 2686 265 2749 mari
282 2683 402 2762 Indico,
419 2695 449 2747 et
464 2684 564 2768 spatio
578 2682 726 2747 horarum
742 2705 798 2747 sex
813 2684 926 2747 amari
944 2685 1066 2749 Sinensi
1080 2704 1138 2767 per
1147 2684 1228 2748 freta
1241 2684 1295 2748 illa
1304 2687 1472 2765 venientes,
1563 2743 1567 2755 ,

189 2807 220 2860 et
242 2796 286 2858 sic
308 2794 340 2856 in
363 2792 473 2855 hor'am
488 2792 609 2855 tertiam
625 2807 656 2855 et
670 2812 785 2854 nonam
798 2792 941 2855 lunarem
955 2791 1137 2869 incidentes,
1160 2805 1351 2876 componant
1364 2791 1475 2877 hujus·

189 2903 274 2971 modi
297 2918 418 2980 motus3
441 2903 520 2967 sitne
540 2904 601 2965 alia
618 2901 749 2965 marium
766 2900 890 2965 illorum
907 2902 1054 2980 conditio,
1071 2901 1338 2967 observationibus
1352 2903 1474 2966 vicino·

189 3038 260 3087 rum
274 3014 416 3078 littorum
430 3011 700 3076 determinandum
720 3009 871 3096 relinquo.

235 3124 400 3190 Hactenus
423 3144 530 3186 causas
552 3134 693 3185 motuum
716 3120 817 3184 Lunae
838 3131 871 3183 et
891 3120 1024 3184 matium
1046 3119 1178 3185 reddidi.
1223 3120 1276 3185 De
1301 3120 1473 3207 quantitate

189 3246 329 3297 motuum
342 3232 407 3317 jam
423 3228 566 3295 convenit
580 3226 684 3313 aliqua
698 3226 894 3313 subjungere.
