3284 5517
414 394 604 463 FLUXUS
627 396 689 462 AC
712 396 966 463 REFLUXUS
989 395 1148 464 Masis.
1360 406 1423 468 257

139 562 322 649 paradoxon
347 563 498 643 videatur,
524 564 681 651 quadus
707 564 1422 649 Luueeinprioricasurespcetuvissolis

140 684 314 752 evanescat,
330 672 402 741 crim
416 686 519 741 tumen
532 674 642 739 endem
657 696 731 739 casu
752 673 918 759 posteriori
938 673 1072 737 multum
1092 673 1223 739 excedat
1244 673 1306 737 vim
1327 674 1419 741 Solis.

139 782 205 849 Sed
224 804 310 862 mox,
332 782 405 849 11111
426 783 553 851 effectura
575 784 735 869 utriusque
754 782 879 870 geumis
899 779 1080 869 diligentiis
1097 782 1278 847 evolvamus
1296 796 1328 847 et
1347 806 1420 867 per·

137 890 320 975 pendemus,
336 891 409 957 satis
424 888 559 955 dilucide
574 889 701 975 patebit,
716 911 770 953 eos
792 890 874 953 iuter
888 877 1071 953 semnimd
1083 886 1275 972 discrepare,-
1293 900 1387 975 atque
1400 913 1421 955 a

137 1000 177 1077 vi,
194 1022 265 1086 quae
278 1000 313 1065 iu
327 1002 502 1067 universam
517 1000 651 1065 Terram
666 999 830 1065 1111ιὶ11111
845 1012 953 1063 exarat
961 998 1119 1077 1111111111,
1134 999 1303 1064 maximam
1313 1013 1419 1065 tamen

135 1106 336 1193 agitationem
350 1106 486 1190 partium
500 1106 611 1171 Terre
625 1106 707 1171 inter
720 1128 755 1171 se
769 1105 845 1169 oriri
861 1098 955 1189 posse
965 1116 1001 1171 et
1013 1105 1160 1170 vicissim.

179 1220 202 1295 1.
220 1220 270 1281 17.
293 1212 347 1279 Ad
360 1213 449 1279 illum
462 1224 565 1280 autem
581 1212 694 1277 harum
707 1213 820 1281 virium
834 1211 989 1290 effectum,
1007 1211 1062 1297 qui
1075 1211 1109 1277 iu
1122 1210 1331 1277 commotione
1344 1233 1418 1297 par-

47 1382 50 1387 ,
136 1322 214 1387 tium
237 1322 347 1387 Terras
368 1321 451 1387 inter
471 1344 506 1389 sc
526 1322 676 1400 consistit,
699 1322 944 1409 dijudicandum,
967 1334 1040 1388 ante
1066 1324 1172 1387 omnia
1191 1321 1291 1407 probi
1315 1323 1420 1386 uetari

136 1442 271 1515 oportet,
295 1433 321 1495 si
343 1430 475 1518 singulm
497 1431 608 1497 Terre
629 1442 733 1517 partes
754 1434 872 1498 viribus
893 1433 1065 1520 aequalibus
1086 1446 1119 1499 et
1140 1434 1175 1499 iu
1196 1432 1418 1497 directionibus

136 1540 221 1605 iuter
235 1562 269 1603 se
282 1538 438 1624 parallelis
453 1539 666 1619 sollicitentur,
677 1564 715 1607 ec
729 1562 803 1607 casu
817 1542 936 1607 nullam
949 1546 1078 1608 omuino
1091 1543 1331 1609 commotionem
1345 1561 1419 1625 par·
1510 1532 1518 1540 ’

136 1650 215 1713 tium
231 1649 318 1729 oriri,
332 1650 453 1717 etiamsi
466 1652 530 1717 siut
542 1650 677 1717 maxime
692 1650 797 1717 fluidae
811 1650 960 1739 nulloque
973 1652 1098 1717 1111111
1112 1652 1244 1717 invicem
1256 1670 1417 1726 00an

135 1758 192 1825 sed
207 1770 309 1825 totum
331 1761 444 1825 virium
465 1759 610 1825 effectum
630 1760 664 1824 in
686 1760 809 1848 integro
823 1772 944 1825 tantum
958 1782 1091 1845 corpore
1104 1758 1261 1824 movendo
1274 1778 1418 1824 coneum·

135 1878 203 1930 tum
216 1866 255 1929 iri
264 1890 274 1942 3
295 1865 477 1951 periudd‘ac
491 1868 517 1932 si
531 1879 631 1931 totum
646 1867 884 1952 Terrascorpus
898 1868 947 1932 rel
961 1869 995 1933 in
1009 1869 1419 1952 uuicopuuctoessetcou·

137 1978 255 2053 flatum,
279 1977 330 2041 vel
352 1998 392 2041 ex
413 1976 542 2043 materiai
565 1976 742 2041 firmissime
763 1977 844 2041 iuter
865 2000 900 2041 se
919 1977 1061 2043 connexi
1075 1988 1241 2041 constaret
1287 1976 1339 2041 Ex
1354 1998 1419 2062 quo

139 2085 337 2150 manifestum
358 2097 406 2151 est
425 2098 531 2171 partes
547 2084 658 2149 Terre
673 2086 783 2149 saltem
796 2085 919 2164 fluidas,
941 2108 1013 2172 quse
1033 2085 1151 2149 11111111
1164 2073 1279 2149 cedere
1292 2096 1418 2170 queant,

135 2196 216 2260 iuter
242 2218 276 2261 se
299 2198 489 2261 commoveri
513 2218 577 2261 uon
601 2218 702 2281 poue,
729 2197 789 2261 nisi
814 2220 835 2261 a
858 2197 976 2262 viribus
1001 2194 1202 2260 dissimilibus
1227 2207 1417 2282 urgeantur:

136 2317 230 2391 atque
251 2304 333 2371 hanc
354 2306 395 2369 ob
416 2328 483 2370 rem
505 2328 568 2371 non
584 2305 767 2393 magnitudo
781 2306 894 2370 virium
914 2320 1019 2393 partes
1042 2306 1154 2370 Terrae
1174 2305 1417 2381 sollicitantium,

136 2411 192 2476 sed
206 2410 311 2497 potiris
317 2412 554 2490 dissimilitudo,
570 2411 631 2498 qui
645 2410 719 2477 caim
732 2412 912 2498 quantitatis
930 2411 999 2477 111111
1012 2401 1190 2476 directioms
1202 2411 1323 2476 ratione
1337 2412 1420 2475 iuter

137 2543 170 2585 se
184 2520 371 2606 discrepant,
386 2542 458 2585 eum
473 2520 626 2598 effectum,
650 2544 712 2608 quo
726 2522 803 2587 situs
817 2522 952 2606 partium
967 2534 1092 2587 mutuus
1113 2522 1321 2607 perturbetur,
1344 2542 1418 2606 pro-

135 2628 230 2693 ducit
277 2630 327 2694 Ita
352 2629 397 2695 ris
424 2630 515 2707 Solis,
540 2631 597 2695 etsi
623 2643 670 2695 est
694 2630 842 2708 maxima,
867 2642 973 2695 tamen
997 2631 1039 2695 ob
1061 2629 1215 2717 insignem
1240 2629 1419 2695 (111111ῑί1111

133 2748 238 2821 partes
254 2735 365 2801 Terrae
379 2735 444 2803 fere
458 2736 619 2823 aequaliter
633 2736 736 2815 afficit,
753 2736 862 2800 contri
876 2736 951 2801 verti
965 2737 1012 2800 vis
1028 2736 1129 2801 Lunoe
1143 2736 1186 2799 ob
1203 2736 1418 2821 propinquita-

135 2858 199 2909 tem
213 2842 383 2909 admodum
399 2843 611 2929 inaequaliter:
634 2842 717 2908 unde
732 2866 752 2907 a
767 2842 859 2908 Luni
873 2842 973 2908 multd
988 2844 1087 2930 mttjor
1100 2842 1227 2929 agitatio
1241 2842 1349 2906 oceani
1369 2863 1419 2905 re·

136 2952 240 3047 saltat,
268 2948 361 3036 quim
385 2973 405 3015 e
429 2949 511 3028 Sole,
538 2950 677 3036 quamvis
696 2972 733 3015 ea
758 2951 813 3030 vis,
838 2973 909 3036 quae
931 2950 972 3013 ad
995 2950 1100 3015 Solem
1122 2948 1232 3025 tendit,
1255 2948 1419 3035 insigniter

134 3063 233 3147 major
256 3063 297 3127 sit
321 3058 417 3127 alteri
443 3060 568 3125 Lunum
592 3060 786 3144 respiciente.
842 3061 949 3145 Atque
977 3060 1040 3125 huc
1069 3070 1162 3142 pacto
1191 3056 1321 3123 dubium
1344 3056 1418 3121 1111

134 3167 263 3231 allatum
286 3164 426 3231 funditus
452 3163 580 3241 tollitur,
606 3163 728 3249 hocque
752 3162 856 3227 adhuc
880 3162 1003 3248 planius
1033 3161 1097 3239 fiet,
1128 3162 1154 3224 si
1182 3160 1342 3244 utriusque
1371 3161 1417 3223 vis

134 3274 261 3339 effectus
276 3275 316 3339 ad
332 3274 484 3339 calculum
499 3273 721 3337 revocabimus.
1351 3322 1375 3333 -

175 3390 199 3468 p.
219 3394 268 3450 18.
292 3382 345 3449 Ad
370 3382 611 3471 inaequalitatem
635 3383 729 3469 igitur
752 3382 864 3445 virium
887 3380 1000 3467 quibus
1022 3378 1154 3466 singular
1178 3378 1289 3443 Terrae
1312 3389 1416 3461 partes

133 3492 183 3556 vel
208 3515 227 3555 a
250 3491 323 3556 Sole
345 3490 395 3555 vel
417 3514 437 3554 u
460 3490 552 3554 Luna
573 3488 786 3565 sollicitantur,
811 3486 1031 3565 deliniendam,
1054 3497 1126 3550 aute
1140 3484 1331 3560 omniuvim,
1355 3482 1417 3568 qui

135 3596 277 3661 universa
293 3598 402 3675 Terra,
427 3597 453 3660 si
475 3596 508 3660 in
530 3618 585 3661 suo
607 3608 714 3661 centro
735 3579 894 3683 gmviiatis
909 3606 989 3659 esset
1003 3602 1211 3667 1111111111,
1232 3591 1415 3666 afficeretur,

133 3707 332 3771 determinari
347 3720 479 3793 oportet,
502 3708 631 3793 haecque
645 3718 693 3771 est
707 3728 744 3770 ea
758 3706 825 3789 ipsa
838 3705 895 3782 vis,
917 3724 989 3789 quse
1005 3702 1116 3767 Terrae
1132 3712 1253 3766 motum
1271 3720 1417 3786 progres-

133 3816 232 3877 sivum
247 3816 280 3879 iu
295 3838 350 3879 suc
364 3816 465 3880 orbita
479 3816 605 3901 respicit
619 3828 651 3879 et
664 3814 786 3890 turbat3
809 3812 924 3879 deindri
937 3810 1164 3897 dispiciendum
1182 3822 1236 3887 est,
1264 3807 1417 3894 quantiam

134 3922 224 3999 vires,
250 3922 362 4007 quibus
388 3924 519 4009 singulae
544 3922 654 3989 Terroe
678 3936 783 4007 partes
809 3932 971 4009 urgentur,
998 3918 1062 3982 uim
1090 3918 1211 3981 ratione
1236 3916 1415 4001 quantitatis

132 4030 226 4120 quim
241 4032 420 4096 directionis
435 4032 475 4095 ab
497 4030 549 4097 illi
564 4032 595 4095 vi
616 4032 703 4097 totali
718 4032 905 4115 discrepent.
951 4028 1048 4105 Quid
1062 4028 1089 4092 si
1103 4027 1188 4092 euim
1201 4022 1289 4089 nulla
1303 4024 1415 4109 depre-

130 4141 287 4206 hendatur
301 4138 485 4217 differentia,
508 4152 611 4224 partes
632 4160 758 4227 qnoque
776 4138 911 4225 singulae
921 4137 1015 4200 siurm
1037 4154 1130 4199 suum
1149 4131 1314 4201 1111111111
1334 4132 1416 4196 iuter

132 4272 165 4315 se
192 4249 386 4324 retinebuut3
420 4260 452 4311 at
475 4248 538 4335 qud
563 4249 661 4333 major
687 4250 746 4311 erit
771 4246 946 4313 differentia
971 4248 1052 4310 inter
1077 4246 1157 4309 vires
1181 4242 1251 4307 illas
1276 4240 1415 4330 singulas

132 4370 236 4442 partes
250 4356 460 4434 sollicitantes,
476 4345 516 4419 ed
530 4357 629 4442 magis
643 4378 689 4420 eae
704 4356 784 4420 inter
795 4378 829 4419 se
840 4354 1127 4430 commovebuutru,
1143 4352 1237 4417 situm
1251 4350 1427 4425 relativum·

130 4469 359 4551 permutabuut.
405 4466 445 4531 In
466 4466 526 4530 hac
548 4480 652 4530 autem
677 4468 923 4553 investigatione,
950 4463 1042 4528 simul
1067 4464 1227 4551 gravitatis
1251 4462 1413 4538 naturalis,

132 4574 193 4661 qui
216 4576 318 4639 onmia
341 4596 473 4661 corpora
494 4571 601 4638 vereris
623 4584 763 4637 centrum
786 4573 896 4636 Terrae
919 4570 1060 4647 tendunt,
1087 4572 1174 4634 11111Ι
1187 4582 1235 4633 est
1252 4570 1414 4643 habenda3
1536 4608 1539 4611 >

131 4683 200 4749 haec
226 4686 309 4750 errim
333 4685 438 4749 visin
462 4706 555 4749 causa
580 4696 635 4759 est,
663 4680 748 4767 qudd
771 4679 968 4767 quantumvis
992 4678 1073 4743 vires
1101 4679 1181 4744 Sulis
1202 4692 1234 4743 et
1256 4678 1359 4742 Lunae
1378 4678 1414 4739 in

747 4788 796 4838 Τδ
