3284 5517
444 393 635 461 FLUXUS
656 395 719 460 AC
742 393 996 460 REFLUXUS
1019 389 1177 456 MARIS.
1386 389 1447 450 827

166 569 279 633 cosinu
297 599 333 624 =
349 591 382 655 p,
398 569 468 634 sinu
482 567 697 633 declinationis
712 569 814 632 Lunae
832 553 866 620 ε’
887 566 929 643 Q,
946 549 1054 630 cosiuu
1073 593 1108 616 =
1127 585 1157 648 q,
1174 561 1272 644 major
1287 571 1379 622 aestus
1394 555 1450 620 fiat

165 736 223 800 per
238 717 371 800 spatium
383 687 563 862 Μτθὲἶῶ
576 701 656 832 (pq
670 723 702 790 ÷
716 665 1048 862 QJ,
1074 707 1177 772 minor
1198 703 1272 769 veri>
1296 725 1354 790 per
1379 724 1449 788 spa-

165 899 499 1075 ῐίιιωεὴ-(ὲὸῑξ)
511 913 652 1044 (pq-
671 879 971 1049 QLe'Bg-glf,
1009 925 1046 1006 (ὅ.
1076 919 1142 1000 86.)
1179 917 1238 982 erit
1271 939 1328 1002 per
1364 915 1450 980 hunc

168 1149 281 1202 aestum
309 1135 404 1200 maris
432 1135 632 1199 mensurandi
659 1132 789 1197 modum
815 1131 969 1218 quantitas
991 1132 1085 1196 aestus
1118 1165 1153 1190 =
1186 1192 1209 1255 h
1242 1195 1271 1274 (l
1287 1099 1386 1252 ³:³8
1413 1191 1448 1275 g)

51 1386 54 1391 ·
168 1299 1445 1490 (p2q24(-¹---—--·(,⁸„⁸l,'gl,'{Q²)=h(-,⁸-!—jw(p⁹-p202÷

168 1512 527 1700 (ἧβὲὶὲἓὲῼ-’,γ
547 1573 588 1615 ex
603 1550 664 1636 qual
686 1550 886 1635 expressione
906 1548 1093 1634 perspicitur
1107 1548 1260 1614 maximos
1274 1559 1368 1612 aestus
1382 1545 1452 1609 ubi-

172 1749 243 1812 que,
276 1725 303 1788 si
324 1638 450 1810 quigdem
470 1722 566 1788 modo
586 1723 739 1787 recensito
767 1733 995 1800 mensurentur,
1025 1721 1129 1786 Lunae
1149 1721 1274 1805 inipso
1295 1729 1452 1804 aequatore

655 1826 905 1916 (1-ag)²P²

676 1933 882 2018 (1-231‘

169 2083 302 2148 rationis
315 2082 382 2167 poli
394 2083 495 2167 major
509 2077 653 2166 sitqurim
667 2049 837 2228 ἓξὲε
860 2077 909 2144 his
924 2079 1042 2145 scilicet
1054 2053 1232 2169 regionibus
1248 2079 1340 2145 eriam
1362 2077 1454 2142 Luna

170 2260 329 2325 declinans
350 2260 391 2323 ab
412 2269 571 2345 aequatore
591 2256 724 2340 majores
745 2265 839 2318 aestus
853 2255 1014 2338 producet.
1059 2256 1103 2320 At
1117 2256 1143 2320 si
1156 2267 1291 2340 ponatur
1310 2277 1332 2340 g
1350 2282 1385 2306 =
1403 2211 1452 2334 3⁹5,

169 2368 278 2452 prodit
297 2366 430 2431 elevatio
450 2364 526 2451 poli,
549 2363 604 2426 ubi
624 2362 733 2449 regula
751 2361 875 2446 prolata
894 2362 1001 2428 fallere
1023 2363 1141 2448 incipit,
1165 2363 1240 2438 66⁰3
1278 2363 1326 2426 sin
1351 2370 1455 2424 autem

169 2487 306 2559 ponatur
327 2495 350 2560 g
369 2501 404 2526 =
422 2473 474 2552 3¹„
496 2469 533 2532 fit
553 2468 683 2532 elevatio
704 2467 770 2553 poli
790 2469 889 2552 major
910 2467 1003 2554 quim
1027 2478 1101 2545 58⁰3
1130 2482 1163 2532 at
1183 2469 1286 2554 posito
1306 2491 1329 2554 g
1346 2496 1381 2521 =
1403 2470 1453 2548 ἡ,

170 2581 314 2666 provenit
326 2579 392 2664 poli
405 2576 536 2666 elevatip
551 2583 615 2644 76⁰.
662 2574 744 2640 Clun
758 2576 854 2662 igitur
868 2575 902 2640 in
915 2576 991 2642 locis
1006 2576 1087 2661 polis
1109 2590 1172 2642 tarn
1186 2577 1294 2641 vicinis
1309 2576 1456 2640 observa-

174 2691 275 2754 tiones
289 2688 486 2752 instituinon
500 2685 630 2762 soleant,
646 2685 721 2750 satis
735 2682 804 2748 tutd
816 2683 970 2748 affirmare
991 2686 1073 2763 licet,
1095 2685 1246 2750 maximos
1260 2695 1354 2748 aestus
1367 2705 1455 2748 rnen·

169 1872 297 1958 degenti
310 1868 510 1954 respondere,
526 1868 587 1932 nisi
601 1869 641 1932 sit
919 1867 950 1929 Ρ
961 1889 984 1952 p
994 1866 1016 1948 ⁸²,
1036 1865 1098 1932 hoc
1112 1879 1159 1932 est
1171 1867 1231 1930 nisi
1246 1877 1377 1953 tangens
1392 1864 1453 1928 ele-

172 2811 274 2862 struos
299 2795 440 2860 accidere
465 2794 548 2858 circa
572 2793 767 2878 equinoctia,
798 2793 826 2856 si
854 2793 981 2877 quidem
1007 2795 1162 2880 quantitas
1189 2791 1284 2858 oestirs
1314 2793 1456 2880 quotidie
1564 2817 1566 2822 ·

171 2915 368 2969 mensuretur
381 2925 438 2988 per
452 2901 591 2966 medium
604 2900 834 2982 arithmeticum
848 2901 1047 2988 interspatia,
1060 2925 1131 2990 quae
1145 2903 1209 2970 duo
1224 2915 1317 2968 aestus
1333 2925 1455 2968 succes·

172 3011 229 3074 siri
244 3009 423 3073 conficiunt
712 3075 716 3089 ,

215 3122 239 3198 §.
259 3123 331 3178 111.
364 3111 452 3190 Quid
473 3135 557 3178 nunc
577 3111 663 3178 aliud
683 3114 724 3178 de
747 3113 867 3178 theoriis
888 3115 995 3182 nostrl
1017 3117 1057 3181 sit
1078 3117 1283 3196 sentiendum,
1305 3117 1366 3182 nisi
1387 3137 1456 3180 eom

173 3248 279 3290 veram
293 3237 325 3290 et
338 3225 506 3313 genumarn
522 3223 616 3288 sestius
630 3224 724 3288 maris
739 3247 874 3303 causam,
891 3226 990 3312 qualis
1004 3226 1045 3290 ab
1066 3225 1272 3295 illustrissima
1286 3225 1458 3293 Academia

176 3339 277 3426 Regia
291 3339 325 3401 in
338 3335 499 3423 propositi
515 3335 684 3424 quoestione
698 3335 900 3414 desideratur,
924 3337 957 3400 in
972 3361 1006 3402 se
1019 3338 1193 3422 complecti,
1215 3358 1280 3402 non
1294 3333 1458 3401 videmus?

175 3447 250 3512 Non
273 3447 375 3511 solum
399 3447 483 3510 enim
508 3445 612 3510 omnin
633 3444 853 3529 phaenomena,
878 3469 949 3532 quae
971 3447 1005 3526 ip
1029 3460 1107 3514 aestu
1128 3448 1223 3514 maris
1243 3448 1457 3520 observantur,
1499 3481 1504 3486 -

175 3551 257 3616 clare
279 3564 310 3615 et
331 3548 475 3616 distincti
501 3550 732 3635 explicavimus,
758 3550 815 3615 sed
837 3551 931 3616 etiam
955 3553 1150 3634 existentinm
1173 3553 1326 3621 actualem
1352 3571 1459 3616 earum

175 3660 297 3737 virium,
321 3660 433 3746 quibus
454 3657 513 3722 hos
535 3657 663 3722 effectus
685 3657 899 3737 adscribimus,
920 3659 1148 3726 evidentissime
1162 3659 1459 3734 demonstravimus3

175 3789 217 3830 ex
231 3789 294 3852 quo
309 3765 441 3830 efficitur
455 3786 581 3829 causam
595 3786 616 3828 a
628 3762 720 3826 nobis
734 3764 932 3852 assignatam,
950 3787 1015 3830 non
1030 3777 1150 3835 tantun
1165 3767 1309 3837 omnibus
1329 3764 1461 3850 phoeno·

177 3873 277 3935 menis
298 3870 481 3949 satisfacere,
505 3869 560 3934 sed
582 3868 676 3934 etiam
690 3892 758 3934 esse
772 3870 896 3934 unicam
911 3893 981 3959 quae
996 3894 1068 3936 cum
1081 3872 1154 3940 verti
1169 3871 1337 3943 consistere
1358 3883 1459 3956 queat

178 3978 276 4055 Qudd
292 3980 318 4043 si
333 3980 416 4044 enim
430 3979 584 4066 quispiam
599 3979 674 4044 alias
689 3979 771 4043 vires
786 3980 951 4068 excogitet,
975 3982 1088 4066 quibus
1108 3981 1198 4070 requi
1212 3982 1318 4046 omnia
1331 3979 1461 4065 phaeno-

177 4108 270 4149 mena
290 4087 446 4170 explicare
466 4099 581 4170 posset,
604 4085 724 4150 etiamsi
745 4085 806 4150 hoc
821 4085 891 4150 fieri
911 4108 1004 4171 posse
1018 4086 1144 4154 minimi
1160 4087 1378 4162 concedamus,
1395 4087 1460 4171 ejus

178 4191 262 4258 certe
285 4192 450 4276 explicatio
464 4189 567 4256 subitd
582 4192 759 4256 concideret
773 4202 805 4256 et
819 4204 1009 4257 everteretur
1024 4215 1043 4256 a
1056 4193 1173 4261 viribus
1190 4205 1306 4260 nostrae
1321 4192 1459 4271 theorioe,

178 4323 255 4386 quas
270 4297 395 4362 aliunde
416 4297 450 4359 in
463 4297 583 4361 mundo
596 4299 728 4362 existere
743 4297 869 4361 abunde
884 4310 1006 4363 constat
1014 4321 1024 4376 ;
1046 4300 1193 4388 quoniam
1207 4299 1247 4364 ab
1269 4299 1330 4364 illis
1344 4299 1461 4363 viribus

177 4403 368 4493 imaginariis
388 4402 499 4488 hisque
520 4403 655 4467 realibus
671 4404 860 4490 conjunctim
876 4404 1002 4470 effectus
1017 4406 1192 4493 duplicatus
1207 4409 1355 4496 consequi
1369 4408 1463 4474 debe·

177 4526 234 4588 ret,
251 4533 345 4596 quem
359 4509 551 4594 experientia
566 4522 734 4572 aversatur.
780 4509 875 4573 Nunc
890 4511 986 4597 igitur
999 4513 1089 4576 nobis
1104 4535 1227 4578 summo
1241 4515 1313 4600 jure
1327 4520 1463 4577 asserere

177 4641 269 4705 posse
284 4619 435 4696 videmur,
453 4640 557 4681 veram
574 4616 668 4683 oestirs
684 4617 778 4680 maris
794 4641 921 4681 caricam
935 4619 968 4682 iu
983 4619 1106 4684 duobus
1120 4621 1288 4689 vorticibus
1303 4643 1369 4686 esse
1383 4619 1464 4704 posi-
