3284 5517
190 390 253 449 ιω
490 371 833 441 PfflLosoPfflAE
855 344 1486 449 ntnunnnts'rnsnunn.sm.

188 554 232 617 sis
253 550 407 617 Decemb.
428 558 630 631 conspectum
652 556 685 609 et
705 568 724 608 o
746 542 938 608 Iilsmstedio
959 544 1158 607 observatum
1179 552 1227 607 est
1241 553 1334 625 caput
1348 552 1488 605 cornetae

187 658 369 743 posterioris
388 656 424 719 in
444 654 591 719 distantia
610 672 724 718 notem
744 649 902 737 graduum
925 671 945 711 a
967 648 1060 723 Sole;
1089 648 1123 711 id
1148 646 1243 731 quod·
1259 646 1356 711 stellae
1377 646 1486 711 tertiae

186 763 410 853 magnitudinis
431 762 485 827 vix
506 782 688 829 eoncessum
709 758 826 830 fuisset.
871 756 1023 823 Deoemb.
1042 764 1093 819 15.
1109 766 1141 817 et
1156 761 1207 823 17.
1229 754 1373 839 apparuit
1392 754 1485 819 idem

190 884 228 935 ut
248 869 337 933 stella
356 867 457 931 tertioe
476 863 710 952 magnitudinis,
731 861 921 925 diminutum
935 860 1042 946 utique
1056 858 1222 944 splendore
1236 858 1368 923 nubium
1383 861 1484 944 juxta

189 980 296 1046 Solem
305 977 509 1043 oeoidentem.
530 973 698 1045 Decembr.
710 980 762 1043 26.
775 970 966 1035 velonssime
980 982 1093 1049 motus,
1105 972 1199 1056 inque
1209 972 1348 1059 perigaeo
1359 993 1481 1056 prope-

186 1088 317 1153 modum
338 1087 484 1163 existem,
507 1083 642 1155 cedebat,
651 1083 700 1146 ori
715 1082 842 1169 Pegasi,¹
855 1080 953 1151 stellae
968 1081 1068 1145 tertioe
1081 1080 1315 1169 magnitudinis.
1357 1083 1428 1148 Jsu.
1444 1092 1480 1147 3.

187 1194 358 1280 apparebat
371 1206 409 1259 ut
422 1192 512 1257 stella
525 1202 655 1277 quarite,
677 1189 749 1254 ion.
765 1198 796 1253 9.
811 1199 848 1251 ut
861 1188 949 1251 stella
963 1188 1090 1273 quinte,
1112 1189 1184 1254 Jun.
1202 1196 1252 1253 tr.
1268 1189 1310 1252 ob
1331 1188 1481 1279 splendo-¹

186 1326 255 1369 rem
270 1303 373 1371 Lunae
387 1299 554 1365 crescentis
569 1297 733 1381 disparuit.
769 1296 841 1361 Jan.
851 1302 904 1360 to.
914 1295 968 1357 vix
982 1295 1128 1379 tequobst
1138 1294 1241 1359 stellas
1252 1295 1481 1382 magnitudinis

186 1410 337 1495 septimae.
382 1407 417 1477 Si
432 1414 594 1472 sumantur
607 1401 741 1487 aequalie
755 1424 775 1463 a
787 1400 926 1488 petigoeo
939 1400 1014 1465 hinc
1027 1401 1101 1467 inde
1116 1412 1267 1485 tempora,
1289 1402 1391 1486 capitu
1404 1424 1483 1488 quae

187 1515 382 1601 temporibus.
402 1512 464 1575 illis
485 1511 519 1574 in
539 1508 716 1596 longinquis
731 1508 910 1594 regionibus
923 1506 1036 1591 positu,
1058 1508 1100 1571 ob
1113 1507 1249 1593 aequales
1263 1530 1283 1573 s
1297 1506 1397 1573 Tetri
1413 1509 1482 1573 dis-

186 1628 312 1703 tantius,
332 1622 492 1708 aequolitet
511 1620 619 1692 lubere
636 1618 825 1695 debuissent,
847 1618 881 1689 in
901 1617 994 1705 plagi
1019 1619 1100 1685 Solia
1121 1618 1257 1685 maximi
1276 1618 1479 1704 splenduire,

187 1758 228 1801 ex
241 1732 341 1801 alteri
352 1729 482 1816 perigoei
495 1739 586 1813 parte
605 1724 770 1795 evanuere
797 1778 800 1781 .
813 1724 916 1811 Igitur
938 1746 979 1789 ex
999 1724 1113 1812 magni
1127 1725 1206 1791 lucis
1220 1726 1254 1789 in
1268 1738 1400 1813 utroque
1415 1728 1482 1792 situ

186 1840 371 1917 differentis,
393 1836 589 1908 concluditm
608 1856 726 1921 magna
752 1832 834 1904 Solis
855 1846 887 1897 et
906 1846 1037 1901 oometae
1061 1834 1201 1899 vicinitas
1222 1836 1257 1899 in
1278 1836 1340 1901 situ
1359 1837 1480 1921 priore·

187 1948 273 2015 Nam
293 1949 349 2018 lux
370 1958 563 2017 cometarum
575 1940 727 2029 sagulatis
742 1960 810 2009 esse
825 1938 915 2017 solet,
937 1951 970 2003 et
983 1940 1120 2003 maritus
1134 1962 1284 2026 apparere
1298 1942 1352 2007 ubi
1374 1944 1483 2028 capita

69 2040 72 2045 Ι
186 2058 378 2130 velocissimi
400 2066 576 2132 moventur,
600 2065 694 2139 atque
717 2050 790 2116 ideo
815 2062 890 2123 sunt
917 2049 950 2119 in
979 2049 1142 2137 perigaeis,·,¹
1173 2050 1234 2119 nisi
1258 2050 1410 2137 quitenus
1440 2076 1481 2121 ea

187 2171 286 2255 major
300 2168 393 2232 estin
407 2164 521 2237 rioinie
537 2162 628 2229 Solis.
1133 2230 1137 2235 .

231 2275 331 2339 Corol.
350 2280 381 2341 i.
405 2268 578 2355 Splendeat
592 2266 688 2353 igitur
701 2276 831 2330 eometoe
846 2262 885 2348 (¹¹)
900 2265 971 2329 luoe
987 2264 1069 2331 Solis
1083 2288 1102 2329 a
1116 2286 1150 2331 se
1164 2266 1289 2333 reflexi.

231 2379 330 2454 Corol·
342 2384 374 2444 2.
390 2374 424 2459 (¹)
439 2375 490 2443 Ex
501 2369 592 2438 dictis
603 2371 696 2435 etism
706 2370 889 2458 intelligitur
900 2392 955 2434 cur
966 2381 1095 2437 oometae
1106 2369 1268 2455 tantoperd
1277 2370 1481 2457 frequentant

187 2485 349 2572 regionem
376 2482 468 2547 Solis.
522 2481 558 2545 Si
582 2491 783 2543 cernerentur
808 2479 841 2541 in
864 2478 1043 2565 regionibus
1067 2479 1160 2566 longe
1186 2478 1269 2543 ultro
1294 2482 1478 2559 Saturnum,

187 2591 340 2661 deberent
350 2588 465 2673 soepitis
480 2587 676 2676 apparerem
688 2585 829 2669 partibus
846 2584 912 2655 Soli
927 2584 1086 2669 oppositis.
1133 2586 1160 2650 F
1160 2598 1251 2651 orent
1264 2587 1346 2649 enirn
1363 2587 1478 2653 Terrae

220 2763 256 2828 (¹¹)
269 2766 282 2795 ⁸⁸
294 2742 360 2812 liuor
376 2764 433 2811 &lit
448 2777 463 2809 a
477 2776 501 2809 se
512 2756 605 2826 τιμά·
640 2758 704 2806 Nrtn
714 2772 729 2805 s
740 2756 814 2805 refrt
844 2754 970 2813 delectum,
990 2752 1066 2819 detegi
1083 2756 1162 2817 possit,
1179 2756 1313 2820 priusquam
1330 2758 1360 2807 sd
1375 2761 1476 2821 ephrem

186 2826 348 2875 resedentibus
361 2825 492 2877 cometiset
502 2824 532 2872 sd
548 2823 628 2871 Solem
642 2820 813 2879 medentibus,
843 2819 915 2883 liujus
925 2820 1071 2881 superficiem
1086 2822 1222 2881 pervenerit,
1235 2822 1319 2883 juncta
1333 2834 1396 2871 recte
1413 2826 1432 2873 S
1444 2826 1475 2883 T,

187 2900 288 2952 augetur
298 2904 379 2936 sonim
387 2888 503 2948 splendor,
511 2887 657 2934 decrescente
664 2884 719 2933 lieet
724 2882 814 2930 diame-
844 2883 987 2944 producatur
1001 2884 1111 2947 utrinque
1126 2882 1201 2931 donec
1217 2886 1344 2945 superficiei
1361 2888 1417 2935 huie
1432 2904 1475 2936 ot·

186 2962 230 3009 tro,
243 2962 271 2999 ut
280 2966 309 2999 ex
319 2952 502 3011 precedentibus
512 2949 710 2999 maternos
718 2957 790 3008 petet.
844 2956 924 2995 sumt
934 2947 958 2993 in
971 2946 1003 3004 A,
1015 2956 1040 2995 et
1051 2948 1079 2995 c.
1115 2948 1162 2998 Pte
1175 2949 1205 3005 T,
1215 2946 1315 2997 dunensi
1327 2950 1476 3014 intelligant

233 3015 251 3047 ¹⁸
265 3022 278 3046 ·
291 3019 329 3065 Er
340 3018 406 3064 dictis
421 3018 491 3063 etium
507 3016 647 3075 irtlellr‘gitnr.
684 3011 781 3059 Referat
797 3011 815 3059 S
845 3010 942 3071 planum
956 3012 983 3057 H
996 3012 1026 3067 E,
1038 3012 1077 3058 cui
1093 3014 1203 3059 normalis
1214 3022 1249 3060 est
1259 3024 1321 3062 rests
1338 3017 1361 3061 A
1375 3015 1403 3073 C,
1422 3016 1475 3076 pla-

188 3078 221 3128 So
287 3078 318 3134 Τ.
329 3080 432 3135 Terram,
444 3076 545 3126 circulus
558 3075 614 3125 DE
623 3076 644 3123 F
654 3074 689 3132 n,
701 3075 815 3134 mhmm
846 3088 905 3121 num
920 3074 979 3121 illud
994 3076 1107 3135 spheram
1122 3074 1210 3124 dividet
1224 3076 1248 3123 in
1259 3074 1307 3124 tion
1319 3078 1475 3138 hemispheria

186 3144 294 3193 iissrum
321 3143 441 3198 Quonism
451 3150 548 3195 somma)
558 3139 682 3202 splendent
690 3139 744 3190 lust
753 3138 815 3187 Solis
847 3152 948 3201 quonum
958 3152 1033 3186 unum
1046 3140 1073 3187 H
1087 3140 1108 3187 F
1120 3139 1152 3196 E,
1169 3151 1204 3189 ert
1214 3155 1293 3189 ternas
1304 3142 1397 3199 Solem
1414 3143 1474 3191 slte-

186 3220 235 3255 sse
246 3205 338 3264 reflexi,
352 3208 420 3269 (Cor.
433 3205 467 3268 1.)
484 3204 502 3252 ii
516 3219 565 3252 uon
580 3204 728 3260 videbuntur,
746 3202 815 3250 nisis
846 3216 901 3248 runt
919 3200 973 3277 verb
993 3202 1020 3249 Η
1033 3202 1058 3251 D
1071 3202 1102 3260 E,
1124 3204 1172 3251 Soli
1191 3205 1321 3265 opponitur.
1366 3204 1473 3279 901an

843 3268 1281 3391 iiiitir'lliiiffiiiffli
1294 3270 1473 3389 3313ss

843 3404 922 3440 sutem
932 3394 973 3455 qui
989 3404 1108 3441 versemur
1121 3393 1147 3442 in
1157 3402 1278 3457 segmento
1296 3398 1352 3445 BA
1367 3396 1392 3444 G
1406 3397 1472 3445 ride·

843 3458 932 3505 buntur
952 3458 977 3504 in
996 3458 1156 3519 hemispherio
1176 3458 1240 3522 quod
1263 3460 1311 3507 Soli
1333 3460 1468 3521 opponitur.

845 3519 926 3575 Queri
933 3521 953 3567 si
960 3532 1106 3584 segmentum
1121 3522 1142 3571 B
1153 3522 1173 3571 C
1183 3522 1213 3579 G,
1223 3524 1299 3585 majus
1309 3525 1339 3571 sit
1348 3536 1471 3587 regmnto

844 3584 871 3633 Β.
882 3587 905 3631 A
919 3586 951 3641 G,
963 3584 1041 3645 plures
1051 3595 1148 3635 comas
1157 3586 1298 3635 silebuntur
1304 3588 1330 3635 in
1340 3590 1473 3650 hemisphe.

286 3674 317 3725 Η
469 3684 515 3695 ..,
676 3668 702 3718 3
841 3648 878 3695 tio
888 3664 967 3695 versus
979 3648 1056 3696 Solent
1067 3647 1139 3711 quim
1154 3651 1179 3697 in
1196 3652 1307 3711 opposito.
1341 3652 1397 3701 Jsm
1413 3652 1471 3701 vero

842 3722 939 3759 summ
949 3712 1019 3759 nudis
1030 3712 1135 3761 oculisne
1145 3712 1211 3775 priris
1220 3716 1361 3777 detegendos
1371 3730 1419 3764 non
1427 3725 1470 3765 et·

841 3776 922 3823 hibent
931 3774 1002 3838 quim
1013 3777 1059 3823 sint
1066 3777 1127 3826 Jove
1137 3780 1255 3839 propiores
1261 3797 1269 3839 3
1281 3788 1380 3840 ponetur
1391 3780 1471 3844 inque

843 3838 861 3886 S
873 3841 905 3896 A,
917 3839 1032 3903 circiter}
1043 3840 1158 3889 distsmm
1175 3842 1260 3891 Mettis
1274 3856 1289 3890 s
1301 3842 1362 3900 Sole,
1379 3844 1422 3891 boo
1432 3854 1471 3893 est

845 3904 864 3951 S
872 3905 895 3950 A
907 3904 937 3952 sit
947 3904 1037 3965 circiter
1044 3904 1117 3965 dupla
1124 3906 1222 3968 ipsiusS
1231 3908 1261 3964 Τ,
1269 3908 1468 3971 eritregmentnm

843 3966 866 4014 B
884 3968 907 4014 G
927 3968 946 4015 C
964 3968 1086 4030 plusqusm
1104 3970 1236 4033 quadruplo
1253 3971 1329 4033 msjus
1346 3983 1471 4035 segmento

468 4060 493 4113 Ε
842 4028 1242 4112 BAG,idedqosqopdruplovel
1252 4035 1469 4097 quintuploplores

185 4162 240 4239 Sole
249 4160 283 4209 iti
293 4160 440 4237 illusorum·
449 4167 478 4207 ut
486 4158 550 4208 oenli
560 4159 633 4209 nostri
642 4157 686 4207 hic
697 4160 749 4208 luoe
759 4174 810 4208 mo·
841 4095 1470 4237 bbmmbtindiegdiibbbhgpimlffimdfffflei:

183 4223 812 4349 nmtttm‘tt‘tfflm
840 4224 1318 4351 &ininitiabili
1326 4228 1469 4339 iffi

183 4354 295 4400 emittunt
305 4353 439 4414 priusquam
451 4351 481 4399 sd
499 4352 576 4399 Solem
587 4354 758 4413 eliquentulnm
775 4353 811 4398 in·
840 4360 871 4397 tn
880 4350 964 4412 suptus
975 4350 1085 4399 deberent
1095 4368 1203 4412 apparere
1215 4355 1240 4398 in
1251 4356 1354 4413 pertibus
1366 4353 1413 4401 Soli
1424 4366 1469 4413 op-

183 4417 303 4470 rsluerirtt,
322 4431 394 4477 quere
412 4426 477 4475 petet
493 4427 594 4462 oometss
611 4432 661 4463 rese
675 4416 812 4477 oonspienos
841 4416 925 4475 positis,
944 4416 1020 4462 intent
1030 4416 1093 4462 enim
1105 4416 1184 4463 Terre
1194 4417 1313 4465 viciniores
1323 4420 1364 4480 qui
1378 4420 1402 4464 in
1414 4432 1470 4480 reg-

183 4494 232 4527 non
248 4482 350 4541 prebere
366 4480 412 4526 nisi
428 4478 459 4527 ed
470 4480 590 4527 definitam
600 4480 718 4543 quendam
729 4494 744 4525 ι
757 4481 812 4527 Sole
840 4480 957 4527 memoli
972 4482 993 4525 A
1009 4480 1040 4537 G,
1056 4490 1183 4537 versrntur,
1200 4490 1295 4529 eremos
1309 4481 1364 4529 vero
1379 4482 1404 4528 in
1413 4496 1469 4544 seg-

183 4544 316 4592 distsntism
334 4543 451 4592 maedam.
497 4544 602 4591 Ponatur
622 4544 701 4607 itaque
721 4546 812 4605 spboers
840 4554 921 4589 mento
933 4544 953 4589 B
967 4544 987 4591 C
1001 4544 1032 4599 G,
1046 4543 1245 4604 Solinterpositur
1254 4548 1392 4593 obseumet.
1427 4546 1468 4593 lix

185 4612 210 4655 A
223 4610 244 4655 B
256 4609 277 4657 C
291 4609 322 4665 G,
341 4608 389 4655 Soli
400 4609 544 4656 eontentrics
554 4608 585 4655 sd
595 4608 666 4655 tslent
676 4608 811 4655 distantium
841 4607 879 4653 his
889 4606 1027 4669 intelligitur
1036 4622 1079 4655 cur
1089 4618 1185 4656 mmette
1193 4608 1311 4671 tentoprri
1319 4611 1470 4675 frequentent

183 4671 297 4735 descript·
308 4684 336 4721 ut
351 4671 431 4721 nullus
441 4682 531 4721 omneis
544 4682 638 4735 propter
652 4672 812 4721 illustrsdouis
839 4672 959 4735 rugium
972 4670 1038 4719 Solis.
