3284 5517
450 358 643 428 rnuxus
663 360 726 428 sc
749 359 1005 430 enrnuxus
1028 359 1187 430 neers
1399 371 1458 432 sn
1530 324 1531 328 ‘

172 533 241 598 ttim
266 534 360 599 Luna
382 534 425 598 ad
446 547 638 623 aquatorem
658 547 830 615 versentur,
856 535 891 602 id
915 537 1095 623 quodcum
1119 535 1310 622 experientid
1330 535 1462 600 mirifici

173 642 327 706 convenit
372 642 533 719 Quoniam
555 655 658 708 autem
679 643 749 708 baec
769 665 812 708 ex
833 643 938 707 valore
958 643 1056 728 ipsius
1071 665 1094 731 g
1108 654 1247 708 assumto
1262 665 1460 730 consequun-

172 764 234 828 tur,
257 753 410 838 imprimis
432 754 536 818 notari
556 765 690 840 oportet,
712 753 849 818 litteram
865 775 968 841 gnon
986 774 1079 837 posse
1092 750 1234 816 absolute
1249 751 1460 830 determinari,

172 855 227 922 sed
242 859 308 944 ejus
324 860 537 945 quantitatem,
561 861 679 946 quippe
694 882 765 946 quoe
778 860 984 925 mobilitatem
998 860 1094 924 totius
1108 861 1218 924 oceani
1238 871 1367 946 spectat,
1391 857 1463 924 crim

171 966 211 1030 ab
233 967 416 1031 extensione
436 966 505 1033 tum
525 968 619 1032 etiem
640 966 853 1053 profunditate
874 967 969 1031 maris
989 965 1147 1052 pendere;
1170 987 1211 1030 ex
1232 989 1296 1054 quo
1314 967 1408 1040 variis,
1429 966 1462 1030 in

171 1075 248 1140 loeis
263 1076 333 1140 brec
347 1077 457 1142 eadem
470 1077 574 1141 littera
587 1100 619 1164 g,
634 1077 737 1142 vanas
751 1077 996 1164 sigrdlieationes
1010 1076 1166 1143 sortietur.

186 1210 190 1215 ·
217 1189 241 1266 t.
257 1193 310 1248 89.
335 1184 388 1248 Ex
408 1183 562 1248 solutione
582 1183 697 1248 borum
717 1182 853 1246 duorum
873 1182 1115 1260 Problematum,
1131 1202 1203 1268 quae
1225 1179 1352 1268 quidem
1372 1183 1407 1246 in
1428 1204 1462 1248 ee

69 1369 72 1373 Ι
174 1303 314 1374 spectata
333 1313 398 1355 non
420 1291 522 1355 solum
542 1303 616 1355 srrnt
636 1290 807 1355 attentione
829 1289 935 1377 digna,
959 1290 1015 1355 sed
1036 1291 1129 1354 etiam
1144 1287 1216 1355 crim
1231 1289 1373 1378 analysin
1392 1287 1461 1354 ttim
1500 1349 1502 1356 ,

170 1400 265 1464 etiarn
290 1399 393 1464 metris
417 1399 578 1464 scientiam
602 1399 803 1484 amplificant,
831 1398 971 1484 quamvis
993 1419 1032 1462 ea
1052 1419 1159 1462 casum
1177 1398 1375 1482 propositum
1396 1419 1462 1462 non

168 1507 293 1591 penitus
318 1506 514 1584 exhauriant,
540 1519 646 1570 tamen
669 1519 774 1571 motus
794 1505 828 1569 in
852 1503 1102 1590 praecedentibus
1126 1503 1289 1589 Capitibus
1311 1503 1459 1570 definitus

170 1611 269 1677 multd
290 1613 390 1700 magis
411 1635 483 1677 cum
505 1613 696 1698 experientiis
723 1613 915 1690 conciliatur,
942 1612 976 1676 id
997 1613 1082 1699 quod
1107 1611 1237 1678 theoriae
1259 1625 1376 1676 nostrre
1394 1614 1461 1698 jaan
1515 1661 1521 1673 .

168 1723 290 1810 insigne
305 1723 393 1788 addit
407 1723 648 1788 firmamentum.
693 1724 794 1788 Simili
814 1734 919 1787 autem
933 1722 1031 1787 modo
1044 1722 1091 1788 vis
1105 1744 1125 1785 a
1140 1720 1213 1788 Sole
1230 1720 1371 1806 profecta
1386 1743 1461 1786 cum

170 1830 281 1895 inertii
297 1853 387 1918 aquae
400 1843 504 1917 potest
517 1833 675 1919 conjungi,
692 1843 784 1918 atque
798 1845 893 1896 aestus
907 1831 1001 1896 maris
1023 1830 1156 1908 definiri,
1178 1829 1331 1917 quitenus
1353 1853 1373 1894 a
1392 1831 1458 1895 sold

173 1938 206 2003 ri
232 1939 314 2004 Solis
338 1940 447 2015 oritur,
474 1939 587 2025 quibus
609 1939 732 2006 duobus
753 1939 913 2007 effectibus
934 1939 1160 2027 conjungendis
1180 1934 1323 2025 judicare
1344 1939 1460 2018 licebit,

169 2057 303 2130 quantus
325 2057 420 2108 estus
442 2045 553 2131 quovis
579 2059 721 2132 tempore
746 2061 778 2112 et
799 2049 908 2134 quovis
931 2048 1002 2112 loco
1025 2048 1138 2112 debeat
1159 2047 1293 2113 evenire.
1340 2048 1386 2120 In⁴
1399 2049 1462 2116 hoc

168 2158 297 2247 quidem
313 2159 424 2245 Capite
439 2161 641 2249 cogitationes
657 2161 761 2226 adbuc
775 2162 816 2226 ab
831 2163 976 2226 omnibus
995 2163 1163 2228 obstaculis
1178 2185 1198 2228 a
1212 2163 1314 2228 Tetri
1333 2177 1365 2228 et
1377 2164 1462 2230 litto·

169 2270 257 2333 ribus
271 2268 411 2334 oriundis
425 2293 555 2356 prorsus
569 2270 787 2350 abstrahimus,
808 2285 900 2358 atque
916 2273 1092 2337 universam
1106 2272 1243 2338 Terram
1258 2272 1463 2361 undiquaque

170 2375 252 2462 aqui
275 2375 493 2468 circumfusam
513 2379 676 2463 ponimus3
702 2401 743 2444 ex
764 2403 828 2466 quo
849 2379 972 2468 regulas
993 2381 1068 2446 hinc
1089 2393 1178 2446 natas
1200 2381 1359 2468 praecipue
1380 2384 1463 2467 ejus-

169 2483 256 2548 modi
281 2483 560 2564 observationibus,
583 2507 655 2571 quae
677 2487 710 2548 in
730 2486 923 2571 amplissimo
944 2509 1061 2552 oceano
1083 2489 1168 2573 apud
1187 2490 1317 2578 exiguas
1338 2489 1462 2554 Insulas

170 2608 242 2660 sunt
256 2596 415 2671 institutae,
432 2596 565 2661 conferri
585 2598 758 2662 conveniet.
803 2597 962 2674 Quoniam
977 2615 1080 2663 autem
1095 2600 1234 2664 nondum
1250 2598 1353 2664 motis
1368 2623 1459 2686 aquae

170 2705 370 2792 progressiri,
394 2727 457 2791 quo
479 2705 662 2770 alternative
676 2705 717 2769 ad
737 2704 817 2781 loca,
840 2705 874 2768 in
889 2706 1002 2793 quibus
1020 2707 1124 2770 fluxus
1139 2719 1171 2770 et
1185 2705 1324 2772 refluxus
1339 2706 1462 2785 accidit,

169 2817 371 2903 progreditur
396 2830 427 2881 et
452 2817 579 2895 recedit,
605 2818 759 2884 rationem
783 2816 960 2895 babuimus,
984 2838 1112 2882 necesse
1135 2829 1183 2882 est
1206 2829 1241 2882 nt
1263 2817 1355 2882 etiam
1377 2816 1463 2882 hunc

169 2939 289 2988 motam
303 2938 336 2988 et
349 2925 557 3010 phaenomena
569 2926 645 2992 inde
660 2940 729 2992 orta
743 2926 1000 3010 contemplemur.
1046 2928 1097 2991 Ac
1109 2926 1214 3011 primd
1229 2925 1356 3012 quidem
1370 2925 1461 2992 facile

170 3035 364 3121 intelligitur,
392 3033 464 3097 cim
489 3035 530 3100 ob
553 3035 696 3100 inertiam
720 3056 809 3122 aquae
830 3032 898 3098 tdm
919 3035 1013 3098 etiam
1034 3034 1095 3098 alia
1116 3033 1340 3119 impedimenta
1360 3037 1461 3100 motui

119 3156 123 3162 ’
170 3143 323 3226 opposita,
346 3163 459 3227 aquam
482 3155 546 3206 tam
567 3141 686 3206 tardiris
711 3142 825 3206 elevari
848 3141 942 3227 qudm
964 3139 1099 3225 deprimi
1120 3153 1276 3226 oportere,
1301 3139 1395 3227 quim
1416 3165 1458 3208 ex

168 3251 267 3313 allatis
293 3250 442 3314 hactenus
468 3251 685 3337 consequitur:
718 3250 803 3314 unde
828 3250 932 3322 fluxus
957 3271 1022 3314 non
1047 3249 1088 3313 ad
1111 3251 1259 3314 transitus
1281 3248 1384 3314 Lunoe
1403 3273 1461 3336 per

168 3359 374 3423 meridianum
390 3361 580 3448 contingent,
597 3361 653 3426 sed
668 3359 828 3447 aliquanto
842 3355 940 3425 seritis
954 3359 1106 3438 evenient,
1130 3359 1259 3424 omnino
1273 3361 1320 3426 uti
1334 3361 1459 3449 experi-

168 3473 251 3536 entia
264 3485 403 3538 testatur.

211 3588 234 3663 t
251 3591 302 3646 90.
327 3582 411 3646 Haec
426 3594 530 3647 autem
544 3585 713 3649 retardatio
733 3585 867 3672 precise
880 3586 921 3651 ad
936 3585 1090 3651 calculum
1104 3583 1244 3650 revocari
1259 3605 1324 3648 non
1340 3595 1455 3670 potest,

168 3694 240 3778 quia
261 3717 280 3757 a
301 3707 389 3760 motu
410 3721 500 3784 aquae
522 3699 649 3785 ejusque
669 3698 881 3784 profunditate
895 3699 1064 3784 plurimum
1079 3695 1227 3782 pendeat,
1243 3695 1351 3780 prouti
1365 3695 1459 3760 etiam

169 3799 310 3864 videmus
324 3802 359 3864 in
373 3802 502 3868 diversis
524 3804 600 3868 locis
615 3825 685 3868 earn
699 3806 901 3870 vehementer
915 3829 983 3870 esse
997 3806 1163 3882 diversam,
1185 3815 1278 3890 atque
1294 3803 1362 3867 aliis
1382 3803 1459 3868 locis

165 3907 287 3971 fluxum
303 3912 483 4000 contingere
496 3926 570 3998 post
586 3914 689 3979 Lunoe
704 3893 959 3980 culminationem
970 3915 1070 3980 tribus
1083 3914 1169 3980 heris
1180 3912 1322 3978 nondum
1333 3913 1457 3998 elapsis,

166 4017 234 4080 aliis
257 4019 332 4083 verd
358 4021 434 4086 locis
456 4022 642 4110 plusquam
664 4026 831 4091 duodecim
853 4027 940 4092 horis
958 4025 1077 4091 tardius
1099 4027 1214 4104 venire,
1236 4047 1308 4111 quae
1330 4024 1457 4111 quidem

164 4129 295 4216 insignis
318 4131 488 4197 retardatio
511 4134 683 4199 Terrarum
700 4137 848 4222 positioni
866 4150 914 4201 est
941 4135 1164 4212 adscribenda3
1201 4134 1327 4198 interim
1353 4145 1458 4197 tamen

163 4235 239 4300 binc
262 4238 449 4302 sufficienter
471 4254 592 4305 constat
614 4257 734 4307 motum
757 4245 852 4307 maris
878 4243 1049 4308 admodum
1073 4265 1166 4328 posse
1188 4239 1343 4326 impediri.
1390 4239 1456 4306 Pro

162 4345 275 4408 eodem
290 4344 365 4410 verb
379 4345 449 4409 loco
464 4347 537 4411 satis
552 4347 725 4414 luculenter
739 4351 937 4435 perspicitur,
955 4350 1017 4437 qud
1032 4351 1132 4436 major
1142 4361 1236 4436 atque
1251 4346 1343 4412 altior
1352 4346 1457 4410 fluxim

163 4459 289 4522 evenire
315 4457 437 4536 debeat,
463 4458 502 4524 ed
526 4458 645 4524 tardius
670 4462 805 4526 eundem
829 4461 969 4526 accidere
993 4473 1148 4548 oportere.
1202 4455 1298 4536 Qued
1323 4456 1458 4520 sienim

163 4581 258 4634 oestus
273 4570 434 4658 contingat
446 4570 568 4635 infinite
582 4591 710 4655 parvus,
725 4572 858 4636 dubium
873 4585 922 4638 est
934 4573 1066 4652 nullum,
1088 4572 1164 4660 quin
1178 4572 1205 4634 is
1219 4581 1300 4636 stato
1315 4583 1456 4651 tempore

164 4675 320 4756 adveniat,
336 4677 410 4743 edm
423 4679 654 4765 impedimentis
669 4680 730 4746 boc
745 4703 821 4748 casu
832 4705 873 4748 ne
887 4683 974 4748 locus
985 4683 1113 4770 quidem
1124 4679 1314 4748 concedatur
1324 4675 1457 4765 agendi:
