3284 5517
191 371 302 439 lassu
312 374 492 453 Testatus]
524 368 764 437 PRINCIPIA
788 369 1159 437 MATHEMATICA.
1423 376 1476 442 91,

188 546 413 611 antecedentia.
459 544 569 609 Motus
590 543 686 607 medii
706 542 863 607 nodorum
884 542 1051 607 satellitum
1064 542 1248 605 interiorum
1262 552 1333 604 sunt
1346 540 1388 604 sd
1400 562 1468 604 mo-

187 664 255 717 tum
278 652 380 739 hujus,
407 664 443 717 ut
463 652 591 717 111οιιιιιι
610 664 753 736 tempora
774 652 935 736 periodica
953 652 996 715 ad
1018 664 1142 736 tempus
1163 650 1358 735 periodicum
1376 650 1469 735 hujus

188 758 364 843 (peridem
390 757 610 839 Corollarium)
633 770 666 821 et
688 758 763 821 iude
787 758 913 823 dantur.
957 756 1068 821 Motus
1091 772 1198 821 autem
1218 757 1307 845 augis
1330 755 1468 819 satellitis

186 866 334 950 cujusque
356 866 390 927 in
412 865 632 951 consequentia
652 875 700 929 est
721 863 762 927 ad
780 876 903 929 motum
916 864 1073 929 nodorum
1086 865 1182 949 ipsius
1196 865 1230 927 in
1243 864 1467 941 antecedentia,

185 986 221 1037 ut
243 987 347 1039 motus
372 975 496 1062 apogaei
520 975 621 1039 Lunae
643 986 759 1039 nostrae
782 974 824 1039 ud
837 972 941 1059 ,hujus
960 986 1083 1040 motum
1103 972 1269 1051 nodorum,
1293 977 1363 1059 (per
1383 974 1468 1039 idem

187 1081 307 1163 Corol.)
324 1094 357 1147 et
370 1082 445 1147 inde
459 1082 561 1147 datur.
605 1082 750 1148 Diminui
764 1094 870 1181 tamep
884 1082 979 1147 debet
991 1094 1094 1146 motus
1109 1083 1198 1169 augis
1211 1082 1257 1145 sic
1276 1082 1419 1147 inventus
1432 1084 1468 1149 in

182 1192 303 1257 ratione
319 1200 338 1257 5
354 1190 395 1255 ud
410 1201 429 1257 9
444 1191 493 1255 vel
512 1200 526 1255 l
543 1190 585 1255 ad
599 1200 619 1255 2
634 1190 765 1269 circiter,
789 1191 826 1274 (⁸)
842 1190 884 1254 ob
898 1212 1024 1255 cansam
1038 1212 1132 1277 quam
1151 1189 1204 1253 hic
1225 1212 1382 1275 exponere
1401 1213 1468 1255 non

182 1309 281 1362 vacat.
326 1296 366 1381 (⁶)
381 1296 588 1383 AEquationes
602 1298 748 1361 maximae
762 1296 919 1361 nodorum
932 1308 964 1361 et
976 1299 1065 1385 augis
1085 1297 1223 1361 satellitis
1239 1299 1387 1384 cujusque
1402 1298 1467 1363 ferd

183 1417 256 1471 sunt
284 1404 325 1467 ad
350 1404 538 1489 aquationes
563 1402 714 1468 maximas
739 1402 896 1467 nodorum
921 1413 954 1467 et
977 1404 1066 1489 auoois
1092 1403 1194 1468 Lunae
1218 1404 1400 1487 respective,
1430 1418 1468 1471 ut

182 1526 285 1579 motus
299 1512 456 1576 nodorum
470 1525 502 1575 et
515 1511 602 1598 augis
617 1512 782 1575 satellitum
793 1524 933 1596 tempore
944 1511 1035 1573 unius
1046 1510 1245 1575 revolutionis
1256 1513 1466 1598 aequationum

181 1626 333 1711 priorum,
356 1626 397 1689 ad
412 1637 516 1689 motus
529 1624 685 1689 nodorum
699 1636 732 1688 et
748 1623 871 1711 apogaei
885 1622 987 1687 Lnnoe
1001 1636 1143 1707 tempore
1157 1622 1249 1685 unius
1263 1622 1465 1687 revolutionis

179 1733 391 1818 aequationum
411 1731 630 1815 posteriorum.
676 1732 714 1815 (θ)
738 1728 880 1794 Veriatio
901 1729 1040 1793 satellitis
1062 1751 1080 1793 e
1101 1728 1180 1793 Jove
1199 1730 1337 1814 spectati,
1357 1744 1404 1793 est
1423 1732 1465 1795 ud

178 1839 380 1903 variationem
402 1838 515 1916 Lunae,
539 1850 575 1903 ut
597 1850 669 1901 sunt
691 1837 732 1901 ad
753 1836 887 1901 invicem
908 1837 965 1900 toti
979 1849 1082 1900 motus
1096 1835 1253 1901 nodorum
1271 1838 1463 1921 temporibus

179 1949 291 2035 quibus
313 1946 436 2012 satelles
457 1959 489 2010 et
511 1944 605 2011 Luna
625 1945 667 2009 od
690 1944 796 2009 Solem
817 1943 1028 2022 revolvtmtur,
1050 1965 1109 2029 per
1128 1942 1213 2007 idem
1233 1943 1461 2023 Corollarium3

178 2056 313 2143 ideoque
326 2057 360 2119 in
374 2054 506 2119 satellite
520 2054 638 2118 extimo
652 2074 717 2117 non
732 2063 860 2138 superat
874 2054 923 2116 5'‘.
942 2052 1019 2114 lim.

174 2226 291 2277 nodonun
306 2226 410 2277 satellitis
425 2225 505 2275 extimi
521 2226 588 2275 ,lovis
598 2240 647 2273 ass
657 2232 747 2285 partem
757 2224 802 2273 cis-
833 2222 936 2284 prodtbit
949 2230 1028 2270 motus
1043 2220 1160 2270 nodorum
1174 2220 1460 2270 ntsllitissnterssllosn·

174 2293 232 2339 citer
247 2297 302 2339 2³0.
315 2290 393 2339 motin
411 2290 527 2339 nodorum
546 2289 631 2345 Lause,
646 2288 687 2337 sed
702 2297 737 2335 est
751 2302 802 2335 mo·
833 2301 920 2335 ιιοιιιιιι
930 2296 1025 2333 reamur
1035 2285 1073 2333 8⁰.
1087 2286 1132 2333 24¹.
1168 2286 1209 2335 Ab
1218 2286 1289 2348 hujus
1299 2285 1379 2333 seculi
1393 2286 1460 2332 initio

171 2368 211 2403 trra
221 2370 315 2402 mouns
326 2354 440 2403 nodorum
449 2355 525 2401 Lunae
539 2350 799 2407 190.21'.21''.‚urdt-
831 2350 925 2397 uullum
935 2353 961 2395 la
970 2348 1039 2397 nodis
1052 2348 1178 2397 satellitum
1190 2350 1314 2411 jorielium
1327 2349 1458 2395 sensibilem

175 2428 242 2467 estur
252 2428 338 2479 posue
374 2418 448 2465 Hisce
463 2418 483 2465 si
496 2416 663 2477 multiplicetur
673 2424 751 2462 motas
760 2412 800 2461 ills
831 2422 922 2461 mosim
933 2414 1006 2461 tui-s
1016 2415 1164 2461 abutamur
1173 2422 1271 2462 ιιιιιωι
1280 2413 1366 2461 clariss
1381 2412 1458 2461 cisa·-

172 2498 267 2531 aunuus
284 2496 326 2545 per
343 2486 390 2531 100
407 2480 542 2545 luctumque
557 2478 672 2529 dividetur
688 2492 729 2540 per
744 2483 799 2536 250,
832 2492 878 2525 nus
888 2476 914 2523 in
926 2476 1004 2525 Elem.
1017 2478 1081 2525 Δια.

204 3399 238 3465 (²)
253 3406 305 3451 105.
326 3362 358 3453 01
373 3416 469 3453 eausam
485 3422 556 3468 mmm
575 3406 610 3455 tta
624 3422 732 3469 erponem
748 3425 796 3457 nort
828 3409 921 3471 gulares
931 3410 956 3456 in
966 3407 1065 3472 singulis
1076 3402 1257 3457 resolutionibus
1264 3405 1454 3470 genitiidedquo

168 3476 243 3513 meur.
279 3466 376 3515 Referat
387 3468 404 3515 S
417 3468 501 3524 Solem,
513 3470 588 3531 sitque
600 3470 621 3517 P
632 3470 729 3529 satelles,
740 3472 797 3533 puti
828 3472 965 3521 eorumden
980 3488 1081 3521 errorem
1097 3473 1248 3520 conectiones
1261 3488 1302 3518 seu
1313 3472 1454 3533 aquatiorm

169 3526 242 3575 Luae
262 3530 382 3577 revolvens
402 3531 461 3579 circi
479 3533 595 3593 planetam
632 3536 752 3583 timerium
773 3536 795 3585 T
828 3538 937 3585 maximo
944 3546 1000 3585 nent
1009 3547 1037 3585 ut
1047 3537 1171 3585 satellitum
1179 3546 1284 3595 tempor·
1293 3534 1452 3595 perlodloem·

168 3590 257 3665 scilicet
274 3594 378 3667 Terram,
390 3594 415 3647 in
431 3597 536 3656 ellipseos
551 3551 663 3647 umbilico
678 3598 794 3660 positum3
828 3600 929 3660 speetird
943 3605 995 3665 (per
1013 3602 1066 3648 Cor.
1082 3606 1120 3648 16.
1138 3600 1209 3660 Prota
1223 3598 1323 3647 LXVI.
1338 3598 1391 3646 Lib.
1406 3598 1450 3660 1.).

170 3664 214 3729 ept
226 3656 248 3702 B
260 3672 320 3717 spsrs
331 3674 430 3715 summe,
450 3666 472 3706 Α
485 3661 545 3721 apsis
555 3660 609 3718 ima,
624 3663 712 3725 eritque
730 3663 752 3710 T
765 3664 794 3721 B,
830 3664 876 3712 sed
892 3676 997 3724 tempora
1006 3664 1122 3725 periodica
1131 3673 1188 3711 suut
1198 3674 1225 3710 ut
1235 3661 1365 3721 motusil’si
1376 3677 1452 3725 ⁸⁰8⁰·

169 3718 402 3798 distantisxmerima
422 3732 446 3770 et
469 3728 491 3771 Α
515 3726 538 3773 Τ
558 3724 666 3773 distentio
689 3726 793 3775 minima.
827 3726 887 3775 lares
896 3726 1020 3788 respective
1031 3728 1096 3791 (Lib.
1109 3726 1152 3787 1.).
1176 3728 1256 3781 Quare
1266 3724 1453 3788 ineidemquo-

168 3781 226 3831 Jsm
236 3798 291 3831 rero
302 3782 349 3847 qud
360 3786 438 3833 minor
448 3798 481 3835 est
491 3786 600 3836 distentia
614 3788 634 3837 Α
649 3790 678 3847 Τ,
690 3800 794 3849 respectu
827 3806 874 3854 que
884 3794 973 3839 radone
983 3801 1039 3839 sunt
1048 3792 1189 3853 motiones
1199 3789 1313 3837 maxime.

168 3845 283 3893 distamire
296 3848 319 3895 'l'
328 3848 357 3905 B,
370 3844 398 3896 ed
407 3850 504 3897 celerius
512 3852 793 3915 apsidesprogrediunmr‚
860 3854 895 3920 (²)
913 3860 926 3885 ⁸
951 3858 1051 3903 Variutio
1068 3858 1171 3903 metim
1187 3871 1200 3901 e
1216 3858 1273 3904 Jove
1289 3856 1389 3914 qtsctoti,
1406 3852 1452 3901 boe

181 3924 222 3969 per
238 3920 286 3959 not.
305 3912 330 3959 in
352 3913 405 3961 Cor.
424 3920 447 3961 8.
469 3914 537 3974 Pmp.
559 3916 657 3965 val.
677 3916 731 3964 Lib.
752 3917 794 3978 l.).
826 3928 868 3976 est,
885 3928 963 3966 motus
977 3918 1096 3981 anguinis
1109 3914 1452 3966 sstelbtisestsdmotumsn·

217 3984 252 4020 est
262 3976 409 4023 conectionis
420 3994 488 4025 causa
499 3994 569 4041 quam
579 3990 647 4027 sutor
658 3990 793 4027 nosternon
825 3980 931 4044 gislarem
952 3982 1028 4030 Luna
1045 3993 1073 4030 ut
1089 3993 1145 4029 sunt
1158 3981 1191 4029 ad
1204 3980 1300 4028 invicem
1316 3980 1359 4027 toti
1374 3989 1453 4027 motus

166 4038 269 4111 esponit.
305 4038 369 4087 Cbm
385 4041 447 4087 enim
464 4043 572 4089 satellites
587 4043 654 4091 lovis
664 4052 688 4091 et
700 4044 793 4091 Saturni
826 4046 942 4093 ιιοάοιιιιιι
952 4046 1094 4106 temporibus
1106 4047 1191 4109 quibua
1204 4044 1295 4092 satelles
1305 4058 1329 4091 et
1340 4040 1453 4091 Luneed

165 4100 228 4149 ruri
243 4116 297 4149 suos
312 4102 415 4164 plsnetas
425 4104 546 4165 primarios
556 4104 685 4155 describunt
695 4104 794 4156 circulos
829 4108 907 4157 Solem
917 4111 1074 4163 resolvantur.
1089 4108 1137 4157 sive
1148 4106 1233 4157 claribs
1243 4107 1268 4155 in
1279 4108 1367 4155 renone
1378 4106 1451 4154 nodo·

165 4165 214 4241 sere
230 4167 387 4215 concentricos
403 4168 497 4233 (Plraen.
514 4170 534 4217 1.
548 4179 572 4217 et
589 4168 640 4231 11.)
653 4171 724 4219 Luna
738 4168 793 4221 rerd
826 4188 879 4219 rum
891 4172 969 4221 Luae
978 4174 1009 4221 sd
1019 4186 1110 4221 motum
1121 4172 1236 4221 nodorum
1244 4186 1350 4219 annuum
1361 4181 1385 4219 et
1392 4180 1452 4219 term

166 4228 228 4277 circi
248 4232 344 4279 Terram
363 4232 389 4279 in
406 4230 482 4280 orbiti
498 4233 600 4294 ellipstct
614 4234 752 4293 revolvetur,
769 4246 794 4283 et
825 4236 888 4296 poris
904 4237 1014 4298 periodici
1029 4238 1107 4285 Luna
1116 4237 1147 4284 sd
1158 4246 1250 4299 tempus
1260 4234 1404 4295 periodicum
1415 4250 1452 4281 ¹⁸·

166 4292 239 4367 major
250 4295 279 4342 sit
289 4305 366 4342 motus
375 4294 489 4344 nodorum
498 4296 523 4343 in
531 4296 604 4345 orbiti
612 4295 793 4361 ellipticiquim
825 4298 905 4348 tellitis
920 4304 972 4364 (per
988 4302 1041 4349 Cor.
1057 4307 1094 4348 16.
1118 4299 1187 4359 Prop.
1203 4298 1302 4348 vat.
1323 4298 1377 4347 Lib.
1391 4298 1413 4345 1.
1428 4306 1453 4347 et

165 4370 191 4401 ιιι
206 4358 319 4417 circulari,
339 4358 427 4407 caeteris
443 4358 553 4407 omnibus
566 4362 721 4420 manentibus,
737 4364 792 4409 hinc
825 4372 874 4411 not.
887 4364 914 4411 in
930 4364 993 4411 idem
1010 4364 1111 4426 Comi).
1153 4364 1210 4412 Jsm
1226 4360 1280 4411 verd
1291 4372 1368 4411 motus
1378 4361 1451 4409 nodo-

166 4430 245 4467 motus
251 4422 318 4485 sugis
325 4424 494 4487 cujuscumque
501 4424 605 4472 satellitis
614 4441 655 4485 per
661 4426 792 4487 analogiam
825 4442 880 4477 rum
891 4428 968 4475 Luna
979 4444 1071 4475 annum
1082 4437 1117 4475 est
1127 4426 1226 4477 69681”.
1240 4437 1267 4474 ut
1280 4424 1360 4487 posted
1369 4425 1451 4473 stetui·

167 4498 195 4529 er
207 4495 272 4533 motu
281 4486 347 4549 augis
358 4486 445 4535 lunaris
456 4488 569 4545 inventus,
579 4488 678 4537 diminui
688 4488 757 4537 debet
767 4490 792 4537 in
826 4500 864 4539 tur
882 4508 897 4538 ι
916 4490 1039 4547 Newtono,
1060 4490 1136 4539 nodus
1153 4503 1232 4539 sutem
1250 4490 1352 4537 satellitis
1370 4488 1452 4537 extimi

168 4546 257 4595 ratione
272 4546 344 4609 pauld
360 4550 449 4597 minore
462 4548 533 4612 quim
547 4556 556 4598 l
570 4550 599 4598 sd
611 4558 633 4607 2,
645 4554 735 4600 calculo
745 4568 793 4603 nou
821 4554 915 4619 jovialis
936 4554 1003 4601 sanis
1018 4564 1112 4603 centum
1128 4554 1221 4604 conficit
1237 4552 1274 4601 8⁰.
1288 4554 1331 4600 24¹.
1351 4550 1452 4615 ideisque

168 4610 265 4658 absimili
277 4612 311 4659 illi
322 4614 363 4675 qui
375 4612 478 4661 xxxi.
497 4616 565 4677 Prop.
580 4616 718 4665 instituetur.
827 4644 905 4681 mn,
914 4632 1018 4696 ,qudem
1028 4650 1123 4683 ,mm
1135 4646 1171 4683 m
1184 4620 1258 4701 ³022,
1274 4648 1367 4699 mm·
1376 4637 1465 4697 pb„

201 4692 234 4757 (⁶)
248 4698 260 4725 ”
274 4698 549 4759 AEquutimrssmsrimae.
581 4698 793 4751 Namerroresse·
825 4698 905 4747 ὥιιιιιι
927 4698 1005 4747 Luae
1028 4709 1064 4747 est
1085 4700 1178 4758 dnum
1198 4706 1286 4751 stem
1308 4712 1333 4751 et
1350 4700 1465 4750 nmssie's
