3284 5517
231 344 298 411 aar
477 324 479 329 ’
709 348 1041 417 turnonuc‘no
1355 349 1447 427 oo.
1462 346 1509 413 11.

272 522 325 581 24.
349 516 384 582 Si
404 517 616 603 atrnosphaera
633 519 662 585 C
679 520 713 583 X
730 519 806 601 ΕΟ
822 518 862 583 Μ
878 520 909 583 A
924 518 1035 583 Terrae
1050 516 1081 583 A
1095 516 1130 582 D
1145 516 1186 581 M
1200 514 1395 594 maumsusa,
1411 516 1510 581 divisa

225 623 417 711 intelligatur
431 624 464 687 in
478 626 657 691 innumeras
671 626 852 711 superficies
868 625 1036 711 sphaericae
1050 623 1169 688 telluris
1183 622 1358 707 superficiei
1377 646 1510 688 concen-

224 732 319 797 tricas
336 732 364 795 C
379 732 415 796 X
430 732 458 797 F
474 732 516 811 Ο,
533 732 563 797 B
575 732 605 797 V
617 732 646 797 E
658 733 690 797 N
704 734 758 797 adr
773 732 855 799 inter
868 732 947 797 duaa
960 730 1138 817 hujusmodi
1151 728 1331 815 superficies
1345 743 1509 797 contentus

224 850 256 905 et
298 840 377 903 airis
416 840 586 927 superioris

222 946 362 1030 pondere
385 968 581 1033 compressus

223 1053 262 1118 ed
287 1054 414 1119 densior
439 1055 498 1119 erit
518 1053 583 1141 quo

223 1158 327 1225 mirtirs
343 1185 362 1225 a
375 1162 494 1227 telluris
509 1184 582 1229 cen·
610 1192 615 1203 ·

222 1280 275 1331 tro
297 1267 329 1331 T
354 1268 489 1333 distabit.
535 1268 583 1333 Sit

226 1374 252 1439 Z
263 1375 286 1439 S
297 1374 335 1441 H
345 1374 478 1441 circulus
488 1374 582 1441 verti-

222 1480 297 1547 calis
313 1504 353 1547 ex
367 1493 476 1546 centro
490 1481 582 1546 tellu-

221 1591 265 1653 ris
282 1590 314 1655 T
328 1590 512 1675 descriptus,
533 1610 583 1653 ar·

225 1721 280 1765 cus
303 1700 327 1764 S
343 1698 380 1762 H
395 1698 527 1762 altitudo
542 1696 583 1763 si-

155 1848 158 1855 ·
226 1804 309 1869 deria
332 1807 355 1871 S
381 1828 475 1891 supra
497 1804 583 1871 hori-

225 1926 350 1979 aontem
400 1913 584 1979 rationalem

226 2022 259 2086 T
275 2022 321 2099 H,
339 2034 370 2086 et
385 2022 412 2089 Z
429 2022 585 2088 Sdistan·

221 2129 265 2193 tia
290 2129 400 2194 sideria
430 2152 449 2193 a
469 2128 583 2192 vertice

223 2236 260 2299 Z.
305 2236 340 2301 Si
372 2235 479 2299 radius
504 2234 583 2298 lucia

225 2344 249 2409 S
269 2342 303 2407 X
319 2366 338 2407 e
352 2343 453 2407 sidere
470 2343 582 2429 Spro-

221 2462 354 2539 pagatna
364 2450 522 2515 ineidatin
532 2461 580 2515 at·

221 2558 433 2642 mosphaeram
448 2558 481 2620 in
495 2557 540 2635 X,
556 2558 583 2621 is

223 2663 411 2753 refringatur
426 2666 458 2729 in
474 2665 509 2729 X
523 2686 580 2750 per

224 2770 260 2835 X
284 2772 315 2835 V
341 2772 518 2836 accedendo
539 2770 581 2835 ad
961 2810 969 2831 r

221 2880 485 2950 semidiametrum
513 2880 544 2945 T
571 2878 606 2942 X
631 2874 806 2963 superficiei
834 2876 996 2962 sphaericae
1017 2876 1046 2943 C
1067 2875 1103 2941 X
1125 2874 1200 2941 FO
1219 2874 1515 2963 perpenmaolarem

183 2993 186 3008 '
221 2990 292 3075 (23)
318 3002 349 3053 et
374 2990 521 3075 quoniam
546 2988 627 3053 adria
653 2987 789 3051 densitas
811 2984 845 3048 in
867 2984 898 3049 V
918 2987 1017 3071 umjor
1038 2998 1084 3050 est
1108 2982 1203 3071 qutm
1226 2986 1261 3049 in
1285 2984 1321 3049 X
1347 2985 1452 3050 radius
1473 2985 1515 3051 in

220 3108 342 3177 puncto
357 3094 397 3171 V,
413 3092 588 3179 superficiei
605 3090 633 3154 B
650 3090 679 3154 V
696 3090 725 3154 E
739 3087 850 3153 rursirs
864 3089 1052 3177 refringatur
1066 3089 1243 3155 accedendo
1258 3088 1299 3153 ad
1313 3089 1346 3153 T
1361 3090 1401 3167 V,
1413 3088 1515 3176 atque

221 3198 265 3264 itt
287 3198 436 3265 continuo
455 3198 669 3265 incurvabitur
683 3210 714 3261 et
728 3196 762 3261 in
777 3196 894 3260 lineam
916 3195 952 3261 X
974 3197 1005 3260 V
1020 3197 1051 3260 A
1067 3197 1173 3262 versirs
1188 3198 1221 3262 T
1234 3221 1342 3262 cavam
1354 3198 1516 3265 flectetur.

906 926 928 976 Z

76 3358 88 3377 .
223 3306 319 3385 Hanc
334 3330 461 3373 cruram
475 3318 583 3394 tangat
597 3307 629 3369 in
646 3306 677 3370 A
692 3318 778 3369 recta
791 3306 822 3370 A
834 3328 859 3383 s,
876 3306 994 3370 circulo
1007 3306 1145 3371 verticuli
1160 3308 1187 3371 Z
1203 3306 1241 3371 H
1254 3330 1420 3373 occurrens
1435 3306 1468 3370 in
1481 3332 1516 3386 a,

221 3428 253 3480 et
274 3418 422 3505 quoniam
442 3415 548 3479 radius
568 3415 647 3479 lucis
671 3416 694 3479 S
717 3414 751 3478 X
775 3413 854 3478 VA
876 3414 1004 3480 oculum
1024 3418 1205 3501 spectatoris
1225 3419 1260 3481 in
1281 3420 1313 3482 A
1333 3416 1518 3507 ingreditur

221 3524 393 3591 secundum
406 3522 610 3611 directionem
624 3521 782 3615 ungentis
798 3521 830 3589 A
845 3544 871 3600 s,
888 3521 984 3599 sidus,
999 3521 1084 3608 quod
1098 3534 1146 3586 est
1159 3523 1267 3587 reveri
1282 3524 1316 3586 in
1333 3524 1365 3601 S,
1388 3522 1518 3587 videbi-

221 3642 273 3693 tur
288 3630 322 3695 in
336 3653 362 3712 s,
377 3630 411 3693 in
424 3628 495 3693 loco
509 3650 623 3714 nempe
637 3626 765 3703 altior-03
788 3641 901 3697 notum
916 3630 1000 3693 enim
1014 3641 1061 3694 est
1074 3653 1116 3695 ex
1129 3630 1232 3715 optici
1244 3631 1397 3716 objectum
1408 3630 1519 3695 rideri

220 3736 254 3799 in
268 3734 305 3801 ed
320 3733 403 3799 recti
415 3732 588 3818 ,secunddm
604 3724 699 3821 'quam
715 3733 751 3798 fit
769 3732 900 3799 directio
914 3736 1073 3805 radiorum
1087 3736 1194 3802 oculos
1208 3737 1460 3825 ingredientium.

243 3849 316 3919 ω.
340 3840 537 3907 Producatur
559 3838 591 3905 T
607 3838 642 3904 X
656 3840 698 3903 ad
714 3840 752 3917 L,
776 3852 811 3905 ut
835 3841 874 3905 sit
900 3843 923 3907 S
939 3842 973 3909 X
989 3844 1018 3907 L
1039 3844 1170 3938 angulus
1190 3846 1401 3911 inclinationis
1425 3846 1518 3913 radii

226 3950 249 4014 S
266 3948 301 4015 X
322 3949 355 4037 in
376 3948 619 4036 atmosphaeram
639 3948 817 4029 incidentis,
831 3963 871 4043 *et
896 3952 926 4014 V
942 3952 977 4016 X
992 3951 1024 4017 T
1037 3954 1169 4043 angulus
1185 3954 1344 4032 refracttss,
1360 3955 1434 4020 data
1446 3958 1520 4023 erit

220 4058 304 4129 ratio
318 4056 403 4123 sinirs
418 4058 525 4147 anguli
540 4060 564 4124 S
580 4056 615 4123 X
632 4058 671 4137 L,
695 4058 737 4123 ad
759 4057 861 4147 sinum
876 4060 983 4149 anguli
997 4062 1027 4124 V
1042 4060 1078 4125 X
1093 4060 1125 4130 T
1140 4063 1208 4147 (23)
1224 4086 1261 4129 ac
1273 4061 1406 4153 proinde
1420 4063 1521 4131 sinus

220 4165 409 4253 angulorum
430 4166 643 4267 inclinationis
664 4180 758 4231 erunt
780 4190 905 4256 semper
926 4182 962 4234 ut
982 4170 1067 4235 sinus
1087 4172 1273 4260 angulorum
1294 4172 1520 4241 refractomm.

221 4268 330 4347 Quarti
345 4270 455 4335 sideris
469 4272 503 4335 in
517 4273 635 4339 vertice
652 4272 678 4337 Z
693 4274 866 4353 constituti,
888 4275 943 4339 ubi
963 4275 1067 4341 nullus
1081 4290 1129 4343 est
1143 4279 1275 4369 angulus
1289 4280 1520 4361 inclinationis,

218 4379 306 4443 nulla
325 4381 386 4444 erit
406 4380 560 4459 refractio,
584 4393 615 4446 at
641 4382 780 4447 siderum
796 4384 831 4449 in
845 4385 1016 4471 aequalibus
1031 4409 1051 4450 a
1064 4388 1177 4453 vertice
1191 4387 1344 4463 distamiis
1364 4386 1520 4471 sitorum,

221 4487 275 4555 ubi
290 4489 425 4591 aequales
441 4502 514 4555 sunt
529 4489 767 4557 inclinationum
782 4491 898 4581 anguli,
914 4493 1049 4581 oequalea
1063 4509 1155 4561 erunt
1168 4494 1374 4562 refractiones.
1424 4494 1520 4565 Solia
