3284 5517
195 327 259 386 812
446 310 713 400 INQUISITIO
736 323 942 392 PHYSICA
966 325 1017 393 lN
1040 321 1236 396 CAUSAM

78 523 81 528 ·
194 489 278 556 unde
291 486 429 556 dilucide
443 492 582 578 sequitur
594 503 689 556 aestus
702 489 742 556 od
756 489 877 558 tardirls
887 493 1034 561 adsalire
1048 497 1173 576 delius,
1188 493 1252 584 qud
1260 496 1324 562 siut
1337 498 1481 584 majores.

193 597 303 684 Atque
321 596 384 661 hoc
404 598 508 683 ipsrun
528 600 722 683 experientia
738 601 914 680 marat
936 602 999 689 qui
1013 617 1138 669 sonan
1148 618 1245 669 estus
1261 607 1402 690 majores,
1426 605 1481 690 qui

80 789 86 804 ι
192 705 277 770 circa
289 703 450 767 novilunia
461 726 501 767 ao
516 703 690 789 plenilunia
702 707 898 794 oontingtmt,
921 707 1041 772 tardius
1061 709 1183 794 insequi
1196 711 1361 776 transitum
1377 710 1482 775 Luna·

192 829 251 898 per
264 813 483 889 meridianum,
498 811 593 899 quim
606 826 701 878 oestm
714 817 861 893 minores,
886 817 939 902 qui
961 818 1044 882 circa
1065 818 1269 904 quadraturas
1284 818 1478 905 conturgunt.

191 921 276 988 Crim
290 923 374 986 enim
391 925 483 988 Luna
497 925 531 987 in
545 923 743 1010 quadraturis
757 925 880 990 circiter
894 935 914 990 6
931 925 1017 990 horis
1032 924 1151 992 tardiris
1165 939 1308 1012 roepectu
1326 925 1407 992 Solis
1422 947 1480 1010 per

190 1032 398 1097 meridianum
419 1045 564 1111 uanseat,
588 1030 683 1120 quim
696 1033 730 1096 in
745 1034 888 1121 syzygiis,
904 1045 998 1100 aestus
1011 1048 1116 1099 tamen
1131 1053 1195 1099 non
1210 1045 1231 1100 6
1246 1034 1332 1100 horis
1348 1030 1477 1111 tardiris,

191 1138 248 1205 sed
261 1147 383 1204 tanttm
396 1140 522 1204 circiter
536 1141 577 1218 δὲ
590 1141 677 1204 horis
691 1139 810 1204 tardids
825 1141 946 1206 aocidit
984 1141 1117 1206 Videtur
1131 1142 1207 1207 veri)
1221 1142 1314 1208 etiam
1328 1142 1475 1219 calculm,

191 1247 247 1333 qui
261 1267 320 1332 pro
335 1259 467 1333 uma
480 1247 512 1310 vi
532 1247 614 1311 Solis
630 1270 667 1312 ao
681 1247 783 1312 Lunae
797 1249 987 1334 conjunctim
1001 1250 1121 1313 institui
1142 1263 1247 1335 potest
1261 1251 1354 1314 simili
1368 1251 1475 1327 modo,

189 1374 253 1439 quo
274 1373 335 1438 pro
348 1353 415 1418 soli
428 1354 461 1416 ri
477 1353 579 1417 Lunoe
592 1353 731 1430 iacimus,
753 1355 906 1439 ejusmodi
919 1355 1161 1420 retardationem
1175 1359 1325 1443 majorem
1340 1359 1373 1420 iu
1388 1381 1477 1444 syzy-

188 1459 249 1547 giis
263 1459 359 1546 quam
373 1461 407 1523 in
421 1460 619 1546 quadraturis
632 1459 781 1538 indicare,
798 1462 918 1526 etiamsi
932 1485 1005 1526 eum
1019 1463 1061 1526 ob
1076 1485 1212 1528 summas
1227 1465 1423 1530 difficrdtates
1435 1468 1478 1532 sd

129 1595 133 1604 ¹
188 1569 285 1633 linem
306 1570 480 1653 perducere
500 1589 566 1633 non
586 1568 792 1645 valuerimus3
814 1569 938 1633 interim
953 1581 1058 1635 tamen
1072 1573 1144 1636 satis
1159 1573 1289 1657 planum
1303 1586 1352 1637 est
1364 1577 1477 1659 praeei-

188 1696 285 1760 puam
307 1679 374 1762 ejus
397 1696 523 1742 causam
543 1677 577 1740 in
599 1677 666 1762 ipsi
687 1676 911 1764 naturisque
925 1697 992 1742 esse
1006 1679 1218 1764 quaerendam.
1265 1682 1350 1747 Haeo
1371 1659 1477 1748 autem

188 1785 280 1848 alluta
302 1786 382 1848 ratio
401 1786 620 1850 retardationis
641 1809 661 1850 a
683 1786 872 1851 Flamstedio
886 1789 1022 1854 maximis
1036 1791 1197 1875 probatur,
1219 1791 1335 1877 quippe
1351 1795 1405 1878 qui
1419 1795 1477 1858 ob·

188 1895 324 1959 servavit
347 1897 518 1995 maximam
540 1897 782 1962 retardationem
806 1914 957 1988 nontam
980 1904 1120 1990 syzygiis.
1139 1881 1355 1981 luminarium,
1374 1925 1476 1990 neque

188 2004 350 2066 minimam
373 2004 573 2089 quadraturis
597 2007 796 2092 respondere,
824 2008 879 2073 sed
907 2009 944 2073 iia
970 2012 1215 2097 tempestatibus,
1247 2013 1359 2098 quibus
1382 2025 1477 2078 κως

186 2112 308 2176 soleant
328 2135 395 2177 esse
414 2115 542 2178 maximi
559 2127 592 2178 et
605 2115 733 2194 minimi,
757 2115 791 2178 id
805 2116 891 2203 qnod
905 2117 1033 2182 demum
1052 2133 1124 2203 post
1138 2119 1281 2207 syzygias
1296 2131 1328 2184 et
1342 2121 1476 2206 quadra·-

187 2233 275 2288 turas
290 2223 453 2311 contingit.

233 2336 258 2414 §.
274 2340 326 2396 91.
354 2331 639 2397 adhaesuram
664 2334 807 2398 fluxuum
833 2357 852 2399 a
874 2327 1005 2422 syzygiis
1026 2333 1067 2398 ad
1091 2335 1297 2421 quadraturas
1322 2335 1478 2401 accelera·

185 2437 317 2515 tionem,
341 2451 485 2524 respectu
508 2439 654 2504 transitis
680 2439 782 2504 Lunoe
805 2463 863 2526 per
885 2441 1101 2519 meridianum,
1129 2465 1166 2506 ao
1191 2443 1431 2508 retardationem
1456 2469 1478 2509 a

185 2542 386 2627 quadraturis
410 2546 451 2608 ad
476 2546 628 2633 syzygias,
652 2544 822 2630 plurimdm
847 2568 972 2633 quoque
993 2549 1040 2612 vis
1068 2547 1148 2613 Solis
1174 2549 1314 2614 conferre
1340 2551 1473 2617 videtur.

185 2648 293 2735 supra
316 2653 399 2715 euim
416 2654 482 2737 jam
505 2654 709 2718 indicarimus
729 2667 802 2739 post
817 2656 957 2743 syzygias
971 2656 1093 2720 fluxrun
1108 2658 1273 2724 uandmm
1296 2660 1398 2723 Lunae
1418 2683 1477 2744 per

185 2756 395 2822 meridianum
417 2761 601 2826 antecedere
625 2761 750 2840 debere,
781 2763 822 2826 ob
848 2764 953 2830 Solem
974 2777 1041 2830 turn
1059 2769 1127 2851 jam
1151 2767 1257 2832 versuls
1282 2769 1475 2833 horizontem

185 2863 414 2943 deelinantem
436 2868 522 2931 unde
536 2870 640 2946 etiam,
656 2871 790 2934 stabiliti
805 2871 927 2950 inertii,
949 2873 1062 2938 diebus
1076 2873 1236 2938 novilunia
1251 2897 1288 2938 ae
1302 2875 1475 2960 plenilunio

182 2975 386 3060 sequentibus
408 2988 502 3039 oestus
524 2977 619 3040 maris
641 2977 731 3042 sititis
752 2979 874 3066 insequi
888 2981 983 3046 debet
997 2983 1163 3048 transitum
1187 2983 1289 3048 Lunae
1309 3003 1367 3068 per
1381 2987 1475 3049 meri·

184 3083 327 3159 dianam
354 3080 448 3169 quini
472 3085 506 3148 in
530 3085 605 3170 ipsis
630 3089 775 3175 syzygiis,
802 3089 837 3152 id
857 3090 943 3176 quod
965 3090 1058 3156 etiarn
1084 3092 1315 3156 observationes
1340 3093 1473 3158 mirifici

126 3237 130 3248 ·
183 3197 388 3273 confirmant3
410 3199 493 3262 inter
513 3197 635 3262 fluxum
656 3201 740 3263 enim
762 3201 960 3287 quintumet
981 3216 1106 3268 sextum
1127 3215 1199 3287 post
1217 3204 1357 3290 syzygias
1371 3215 1469 3268 retar-

180 3304 270 3370 datio
283 3319 428 3390 respectu
444 3306 525 3372 Solis
539 3319 661 3372 tanturn
679 3316 718 3377 17
732 3309 843 3374 minut.
859 3310 1196 3396 deprehenditur,c1lm
1206 3323 1311 3376 tamen
1327 3313 1420 3376 Luna
1431 3320 1474 3376 24

182 3413 294 3476 minut
311 3413 496 3477 retardetur.
539 3413 637 3479 Hanc
653 3415 695 3479 ob
710 3437 778 3479 rem
792 3440 812 3480 o
829 3416 902 3482 Sole
916 3417 1140 3482 determinatur
1154 3430 1249 3482 aestus
1264 3419 1305 3482 ad
1319 3419 1474 3482 actionem

183 3522 298 3585 virium
319 3523 419 3610 magis
441 3521 551 3587 exacte
571 3524 773 3610 sequendam,
797 3547 868 3610 quae
889 3525 1106 3591 determinatio
1121 3523 1193 3591 clun
1212 3527 1305 3592 duret
1319 3549 1418 3614 usque
1432 3527 1474 3592 ad

182 3633 400 3718 quadraturas,
423 3633 538 3696 mirum
553 3655 615 3697 non
630 3651 688 3711 est,
714 3633 799 3720 qudd
813 3649 909 3698 aestus
924 3632 991 3698 trim
1007 3647 1150 3719 respectu
1168 3636 1274 3716 „Lunae
1290 3635 1380 3700 sititis
1396 3657 1470 3700 con-

48 3751 52 3758 '
182 3741 317 3827 tingant,
333 3741 496 3828 magisque
510 3741 551 3804 ad
566 3742 891 3807 calculumaccedant.
930 3741 1130 3806 Contrarium
1142 3727 1245 3807 evenit
1258 3743 1291 3806 in
1303 3765 1473 3830 progressu

183 3872 205 3915 a
226 3851 427 3938 quadraturis
447 3852 490 3916 ad
511 3853 662 3939 syzygias,
685 3875 748 3940 quo
762 3865 904 3938 tempore
917 3865 1012 3916 aestus
1027 3875 1046 3915 a
1062 3853 1135 3917 Sole
1150 3851 1298 3917 continuis
1313 3853 1473 3918 retardan-

180 3971 245 4038 tur,
262 3959 387 4046 hooque
401 3958 577 4025 necessarii)
591 3961 732 4038 efficitur,
755 3972 792 4025 ut
809 3961 936 4024 tandem
951 3961 984 4024 in
999 3960 1073 4044 ipsis
1089 3962 1221 4049 syzygiis
1235 3961 1339 4026 fluxus
1353 3961 1471 4028 tardirls

181 4067 368 4156 insequatur
392 4066 495 4133 Lunoe
518 4068 771 4132 culminationem
796 4067 890 4153 quim
915 4069 948 4130 in
975 4069 1181 4154 quadraturis.
1243 4068 1339 4133 Hanc
1368 4083 1472 4134 autern

179 4179 338 4242 rationem
360 4198 433 4242 cum
454 4177 672 4265 magnitudine
694 4175 788 4239 aestirs
809 4175 1058 4263 conjungendam
1085 4197 1152 4240 esse
1173 4190 1319 4260 putamus
1341 4177 1382 4241 ad
1404 4177 1472 4240 hoeo

181 4286 393 4371 phaenomena
405 4289 545 4373 perfeetd
559 4287 754 4373 explicanda,
772 4285 940 4370 saepissime
955 4287 1036 4350 eninr
1059 4285 1092 4347 in
1107 4285 1167 4351 hic
1182 4287 1351 4370 quaestione
1365 4286 1472 4372 plures

182 4414 287 4456 oausae
309 4395 350 4459 ad
372 4397 508 4462 eundem
528 4397 674 4460 effaetum
694 4393 934 4480 producendum
954 4409 1160 4470 concurrunt3
1183 4393 1243 4458 hoo
1258 4407 1362 4459 autem
1377 4395 1472 4460 estid

118 4564 128 4575 ,
182 4499 287 4584 ipsum
308 4502 396 4589 quod
417 4504 554 4568 cdculus
576 4503 629 4568 ille
651 4499 849 4587 summoperi:
871 4502 1045 4586 implicatus
1071 4516 1102 4566 et
1124 4501 1273 4567 molestus
1297 4505 1385 4588 quasi
1413 4525 1471 4588 per

182 4622 382 4675 transennam
397 4609 562 4676 ostendere
575 4611 660 4674 visus
674 4623 730 4675 est.
