3284 5517
600 721 866 799 INQUISITIO
888 723 1093 789 PHYSICA

750 998 783 1038 nt
804 997 924 1037 caum

337 1220 612 1321 ,rnuxus
641 1222 720 1297 ac
752 1220 1075 1299 nnnnuxus
1102 1220 1308 1298 Manrs.

250 1500 283 1551 A.
297 1500 369 1551 D.D.
384 1499 517 1557 EULER,
535 1496 900 1547 numentanorum!
917 1494 1162 1553 PROFESSOBE,
1179 1495 1204 1543 E
1221 1492 1428 1543 sommare

357 1620 564 1671 ACADEMIAE
583 1620 805 1671 IMPERIALIS
824 1616 1326 1670 senen-Pcrsscsnuncnuslu

548 1992 597 2038 Cur
607 2004 672 2037 nunc
683 1989 762 2035 declini
774 1990 893 2036 nudatur
903 1988 980 2035 littora
989 1996 1067 2049 pmttc,

596 2075 801 2121 Atratinum
811 2072 1133 2134 aunemundosretise

545 2164 615 2211 Duru
624 2169 695 2209 utta-o
709 2162 798 2207 mutto
808 2160 1021 2207 mememorato
1031 2174 1131 2205 rerum.-

599 2245 676 2299 cmm
684 2248 767 2307 procui
777 2262 792 2291 α
808 2247 885 2292 Terris
894 2246 974 2297 abdita
985 2260 1056 2291 mro
1066 2246 1120 2291 tutet
1131 2245 1142 2289 Ι

547 2337 581 2383 In
591 2336 664 2382 sotem
675 2335 816 2395 Lunamque
823 2334 899 2397 seror.
934 2335 959 2380 Si
967 2334 1078 2393 plauditis
1087 2346 1161 2387 uum

594 2425 674 2471 Sidera
685 2423 777 2470 sublimi
786 2424 867 2469 uertice
877 2436 968 2468 summo
982 2429 1067 2481 petam.

630 2786 804 2863 CAPUT
830 2782 1058 2861 PRIMUM.

383 2982 443 3057 De
458 2986 563 3057 canat
580 2984 714 3057 Flumis
733 3008 773 3055 nc
789 2982 958 3079 Rornae
974 2982 1148 3056 Maricio
1163 3004 1303 3076 genere.

202 3191 225 3269 §.
244 3196 272 3252 l.
290 3162 447 3257 Omnem
470 3186 682 3263 mutationem,
705 3210 776 3273 quae
796 3186 829 3250 in
849 3185 1031 3271 corporibus
1047 3188 1159 3265 evenit,
1180 3187 1227 3251 vel
1245 3187 1285 3249 ab
1299 3184 1366 3270 ipsi
1381 3184 1484 3248 motta

203 3297 435 3360 conservatione
456 3288 623 3378 proficisci,
648 3293 695 3355 vel
718 3290 868 3357 aviribus
890 3304 1010 3357 motum
1031 3293 1261 3379 generantibus,
1283 3293 1344 3356 hoc
1359 3289 1484 3378 quidem

202 3412 351 3487 ternpore,
374 3426 438 3493 quo
460 3396 622 3488 qualitates
643 3398 773 3464 occultae
795 3421 959 3487 causaeque
981 3401 1171 3487 imaginariae
1193 3398 1317 3486 penitis
1338 3413 1410 3464 sunt
1429 3423 1484 3464 ex-

200 3505 308 3590 plosae,
335 3509 421 3573 nulli
443 3506 563 3595 indiget
587 3507 779 3591 probatione.
804 3506 902 3570 ‘Hoc
924 3519 1027 3571 cutem
1054 3507 1220 3575 discrimen
1246 3508 1354 3593 quovis
1379 3506 1485 3569 oblato

201 3612 410 3697 ph'aenomeno
431 3612 664 3701 diligentissime
687 3612 877 3677 considerari
899 3626 1031 3697 oportet,
1054 3626 1177 3677 netem
1198 3612 1301 3677 motirs
1323 3634 1486 3677 conserva-

172 3788 174 3791 ,
203 3723 282 3785 tioni
297 3722 449 3808 ejusmodi
464 3720 592 3787 effectus
608 3720 770 3799 tribuatur,
787 3722 841 3808 qui
856 3723 922 3785 sine
936 3724 1052 3787 viribus
1067 3702 1142 3787 oriri
1156 3725 1273 3810 nequit,
1296 3723 1390 3810 quim
1405 3723 1485 3786 vires

201 3828 434 3916 investigentur,
457 3852 528 3914 quae
548 3841 668 3891 motum
690 3826 746 3891 sui
771 3828 882 3892 naturai
909 3828 1156 3893 conservandum
1180 3830 1365 3915 producant.
1412 3829 1487 3906 Quo

201 3934 328 4019 quidem
343 3936 375 3998 in
390 3936 526 4023 negotio,
542 3936 568 3999 si
583 3932 688 3999 debite
702 3936 833 3999 attentio
847 3935 1042 4013 adhibeatur,
1062 3937 1159 4001 errori
1174 3938 1227 4001 vix
1242 3936 1324 4001 ullus
1339 3937 1488 4024 relinqui·

202 4054 254 4106 tur
275 4042 380 4109 locus:
412 4044 547 4108 crimen
572 4042 693 4129 legibus
722 4054 844 4107 naturoe
874 4044 947 4107 satis
972 4065 1128 4130 superque
1154 4057 1282 4121 constet,
1314 4043 1489 4130 cujusmodi

201 4168 305 4221 motus
328 4154 378 4219 vel
399 4178 456 4240 per
478 4178 511 4220 se
534 4167 763 4231 conserventur,
788 4154 838 4218 vel
852 4155 968 4218 viribus
983 4156 1120 4219 externis
1136 4155 1317 4219 debeantur.
1364 4154 1489 4239 Corpus

202 4264 320 4330 scilicet
339 4262 371 4326 in
389 4275 475 4327 motu
497 4262 634 4346 positum
655 4260 783 4345 proprii
798 4260 830 4323 vi
844 4261 928 4325 hunc
942 4274 1062 4326 motum
1077 4262 1272 4326 uniformiter
1287 4262 1320 4325 in
1335 4262 1489 4326 directum

202 4373 332 4437 retinet:
356 4382 449 4455 atque
464 4390 588 4453 corpus,
606 4364 690 4454 quod
705 4369 788 4432 circa
802 4387 893 4431 axem
908 4368 1143 4433 convenientem
1157 4389 1215 4453 per
1230 4382 1372 4433 centrum
1386 4369 1491 4457 gravi·

200 4480 272 4545 tatis
294 4487 506 4545 transeuntem
527 4490 647 4539 motum
670 4476 854 4540 rotatorium
869 4478 965 4541 semel
980 4490 1027 4542 est
1041 4491 1252 4557 consecutum,
1275 4478 1386 4543 eodem
1401 4491 1490 4547 motu
1529 4470 1533 4477 ’

201 4586 299 4651 rotari
320 4582 473 4672 perpetub
487 4582 542 4647 suti
566 4596 677 4667 sponte
696 4595 827 4669 perget:
850 4605 951 4669 neque
965 4583 1145 4668 hujusmodi
1159 4598 1301 4651 motuum
1316 4606 1442 4649 causam
1456 4586 1490 4648 in

202 4692 267 4758 ulla
289 4716 324 4757 re
346 4691 417 4769 alit,
440 4690 500 4755 nisi
522 4690 556 4753 in
577 4688 645 4774 ipsi
667 4708 835 4774 corporum
856 4688 977 4772 murt,
993 4692 1092 4777 quaeri
1112 4704 1245 4776 oportet.
1290 4692 1449 4769 Quocirca
1463 4692 1491 4756 si
