<?xml version="1.0" encoding="UTF-8"?>
<!DOCTYPE html PUBLIC "-//W3C//DTD XHTML 1.0 Transitional//EN"
    "http://www.w3.org/TR/xhtml1/DTD/xhtml1-transitional.dtd">
<html xmlns="http://www.w3.org/1999/xhtml" xml:lang="en" lang="en">
 <head>
  <title>
</title>
<meta http-equiv="Content-Type" content="text/html;charset=utf-8" />
  <meta name='ocr-system' content='tesseract 3.04.00' />
  <meta name='ocr-capabilities' content='ocr_page ocr_carea ocr_par ocr_line ocrx_word'/>
</head>
<body>
  <div class='ocr_page' id='page_1' title='image "./philosophinatur01wriggoog_0371.png"; bbox 0 0 3284 5517; ppageno 0'>
   <div class='ocr_carea' id='block_1_1' title="bbox 193 349 1212 435">
    <p class='ocr_par' dir='ltr' id='par_1_1' title="bbox 193 349 1212 435">
     <span class='ocr_line' id='line_1_1' title="bbox 193 349 1212 435; baseline -0.002 -11"><span class='ocrx_word' id='word_1_1' title='bbox 193 365 257 424; x_wconf 75' lang='lat'>328</span> <span class='ocrx_word' id='word_1_2' title='bbox 424 355 691 435; x_wconf 86' lang='lat' dir='ltr'>INQUISITIO</span> <span class='ocrx_word' id='word_1_3' title='bbox 715 352 920 422; x_wconf 86' lang='lat' dir='ltr'>PHYSICA</span> <span class='ocrx_word' id='word_1_4' title='bbox 942 351 994 418; x_wconf 87' lang='lat' dir='ltr'>IN</span> <span class='ocrx_word' id='word_1_5' title='bbox 1017 349 1212 422; x_wconf 81' lang='lat' dir='ltr'>CAUSAM</span> 
     </span>
    </p>
   </div>
   <div class='ocr_carea' id='block_1_2' title="bbox 97 525 1480 835">
    <p class='ocr_par' dir='ltr' id='par_1_2' title="bbox 97 525 1480 835">
     <span class='ocr_line' id='line_1_2' title="bbox 97 525 1480 616; baseline -0.006 -20"><span class='ocrx_word' id='word_1_6' title='bbox 97 579 108 596; x_wconf 85' lang='lat'>.</span> <span class='ocrx_word' id='word_1_7' title='bbox 192 542 267 610; x_wconf 83' lang='lat' dir='ltr'>tum,</span> <span class='ocrx_word' id='word_1_8' title='bbox 283 551 417 616; x_wconf 89' lang='lat' dir='ltr'>quorum</span> <span class='ocrx_word' id='word_1_9' title='bbox 430 529 510 595; x_wconf 88' lang='lat' dir='ltr'>alter</span> <span class='ocrx_word' id='word_1_10' title='bbox 523 529 605 596; x_wconf 89' lang='lat' dir='ltr'>circa</span> <span class='ocrx_word' id='word_1_11' title='bbox 621 527 736 606; x_wconf 84' lang='lat' dir='ltr'>Solem,</span> <span class='ocrx_word' id='word_1_12' title='bbox 752 527 832 594; x_wconf 88' lang='lat' dir='ltr'>alter</span> <span class='ocrx_word' id='word_1_13' title='bbox 846 527 929 592; x_wconf 87' lang='lat' dir='ltr'>circa</span> <span class='ocrx_word' id='word_1_14' title='bbox 941 526 1068 592; x_wconf 88' lang='lat' dir='ltr'>Lunam</span> <span class='ocrx_word' id='word_1_15' title='bbox 1082 525 1227 612; x_wconf 84' lang='lat' dir='ltr'>agitetur,</span> <span class='ocrx_word' id='word_1_16' title='bbox 1243 534 1335 610; x_wconf 71' lang='lat' dir='ltr'>utque</span> <span class='ocrx_word' id='word_1_17' title='bbox 1349 531 1480 609; x_wconf 88' lang='lat' dir='ltr'>uterque</span> 
     </span>
     <span class='ocr_line' id='line_1_3' title="bbox 180 631 1479 725; baseline -0.007 -21"><span class='ocrx_word' id='word_1_18' title='bbox 180 631 260 724; x_wconf 51' lang='lat' dir='ltr'>‘ejus</span> <span class='ocrx_word' id='word_1_19' title='bbox 275 639 315 702; x_wconf 89' lang='lat' dir='ltr'>sit</span> <span class='ocrx_word' id='word_1_20' title='bbox 328 638 453 716; x_wconf 90' lang='lat' dir='ltr'>indolis,</span> <span class='ocrx_word' id='word_1_21' title='bbox 468 650 505 704; x_wconf 93' lang='lat' dir='ltr'>ut</span> <span class='ocrx_word' id='word_1_22' title='bbox 519 639 600 704; x_wconf 92' lang='lat' dir='ltr'>vires</span> <span class='ocrx_word' id='word_1_23' title='bbox 615 636 796 725; x_wconf 76' lang='lat' dir='ltr'>ceutrifugae</span> <span class='ocrx_word' id='word_1_24' title='bbox 809 637 991 702; x_wconf 86' lang='lat' dir='ltr'>decrescant</span> <span class='ocrx_word' id='word_1_25' title='bbox 1010 636 1043 700; x_wconf 92' lang='lat' dir='ltr'>in</span> <span class='ocrx_word' id='word_1_26' title='bbox 1057 633 1213 721; x_wconf 79' lang='lat' dir='ltr'>duplicati</span> <span class='ocrx_word' id='word_1_27' title='bbox 1229 634 1348 698; x_wconf 90' lang='lat' dir='ltr'>ratione</span> <span class='ocrx_word' id='word_1_28' title='bbox 1362 633 1479 696; x_wconf 86' lang='lat' dir='ltr'>distan-</span> 
     </span>
     <span class='ocr_line' id='line_1_4' title="bbox 192 742 1478 835; baseline -0.006 -23"><span class='ocrx_word' id='word_1_29' title='bbox 192 748 307 812; x_wconf 90' lang='lat' dir='ltr'>tiarum</span> <span class='ocrx_word' id='word_1_30' title='bbox 320 771 340 813; x_wconf 90' lang='lat' dir='ltr'>a</span> <span class='ocrx_word' id='word_1_31' title='bbox 353 749 467 814; x_wconf 84' lang='lat' dir='ltr'><strong>centris</strong></span> <span class='ocrx_word' id='word_1_32' title='bbox 482 749 645 835; x_wconf 89' lang='lat' dir='ltr'>utriusque</span> <span class='ocrx_word' id='word_1_33' title='bbox 658 746 802 814; x_wconf 84' lang='lat' dir='ltr'>vorticis:</span> <span class='ocrx_word' id='word_1_34' title='bbox 827 769 897 834; x_wconf 77' lang='lat' dir='ltr'>quar</span> <span class='ocrx_word' id='word_1_35' title='bbox 910 745 1084 834; x_wconf 74' lang='lat' dir='ltr'><strong>proprietas</strong></span> <span class='ocrx_word' id='word_1_36' title='bbox 1099 744 1266 822; x_wconf 88' lang='lat' dir='ltr'>obtinetur,</span> <span class='ocrx_word' id='word_1_37' title='bbox 1289 743 1315 806; x_wconf 91' lang='lat' dir='ltr'>si</span> <span class='ocrx_word' id='word_1_38' title='bbox 1338 742 1478 808; x_wconf 89' lang='lat' dir='ltr'>celeritas</span> 
     </span>
    </p>
   </div>
   <div class='ocr_carea' id='block_1_3' title="bbox 74 851 1478 947">
    <p class='ocr_par' dir='ltr' id='par_1_3' title="bbox 74 851 1478 947">
     <span class='ocr_line' id='line_1_5' title="bbox 74 851 1478 947; baseline -0.002 -27"><span class='ocrx_word' id='word_1_39' title='bbox 74 925 80 936; x_wconf 65' lang='grc'>,</span> <span class='ocrx_word' id='word_1_40' title='bbox 194 858 335 922; x_wconf 74' lang='lat' dir='ltr'>materiae</span> <span class='ocrx_word' id='word_1_41' title='bbox 358 858 478 923; x_wconf 88' lang='lat' dir='ltr'>subtilis</span> <span class='ocrx_word' id='word_1_42' title='bbox 498 859 639 947; x_wconf 87' lang='lat' dir='ltr'>gyrantis</span> <span class='ocrx_word' id='word_1_43' title='bbox 660 859 694 922; x_wconf 93' lang='lat' dir='ltr'>in</span> <span class='ocrx_word' id='word_1_44' title='bbox 715 879 840 946; x_wconf 89' lang='lat' dir='ltr'>quoque</span> <span class='ocrx_word' id='word_1_45' title='bbox 861 856 979 922; x_wconf 85' lang='lat' dir='ltr'>vortice</span> <span class='ocrx_word' id='word_1_46' title='bbox 998 866 1102 920; x_wconf 91' lang='lat' dir='ltr'>teneat</span> <span class='ocrx_word' id='word_1_47' title='bbox 1120 855 1273 918; x_wconf 86' lang='lat' dir='ltr'>rationem</span> <span class='ocrx_word' id='word_1_48' title='bbox 1287 851 1478 937; x_wconf 78' lang='lat' dir='ltr'>reciprocam</span> 
     </span>
    </p>
   </div>
   <div class='ocr_carea' id='block_1_4' title="bbox 103 961 1558 2234">
    <p class='ocr_par' dir='ltr' id='par_1_4' title="bbox 103 961 1558 2234">
     <span class='ocr_line' id='line_1_6' title="bbox 192 961 1478 1052; baseline -0.005 -22"><span class='ocrx_word' id='word_1_49' title='bbox 192 965 438 1051; x_wconf 87' lang='lat' dir='ltr'>subduplicatam</span> <span class='ocrx_word' id='word_1_50' title='bbox 453 967 679 1033; x_wconf 74' lang='lat' dir='ltr'>distantiarum.</span> <span class='ocrx_word' id='word_1_51' title='bbox 725 967 838 1052; x_wconf 88' lang='lat' dir='ltr'>Neque</span> <span class='ocrx_word' id='word_1_52' title='bbox 851 963 926 1030; x_wconf 80' lang='lat' dir='ltr'>verb</span> <span class='ocrx_word' id='word_1_53' title='bbox 940 965 975 1029; x_wconf 93' lang='lat' dir='ltr'>bi</span> <span class='ocrx_word' id='word_1_54' title='bbox 988 965 1053 1029; x_wconf 90' lang='lat' dir='ltr'>duo</span> <span class='ocrx_word' id='word_1_55' title='bbox 1067 965 1199 1028; x_wconf 85' lang='lat' dir='ltr'>vortices</span> <span class='ocrx_word' id='word_1_56' title='bbox 1215 963 1255 1028; x_wconf 90' lang='lat' dir='ltr'>ad</span> <span class='ocrx_word' id='word_1_57' title='bbox 1269 961 1390 1038; x_wconf 82' lang='lat' dir='ltr'>libitum</span> <span class='ocrx_word' id='word_1_58' title='bbox 1406 972 1478 1026; x_wconf 88' lang='lat' dir='ltr'>suut</span> 
     </span>
     <span class='ocr_line' id='line_1_7' title="bbox 194 1067 1478 1161; baseline -0.004 -24"><span class='ocrx_word' id='word_1_59' title='bbox 194 1073 371 1160; x_wconf 86' lang='lat' dir='ltr'>excogitati,</span> <span class='ocrx_word' id='word_1_60' title='bbox 388 1073 444 1137; x_wconf 91' lang='lat' dir='ltr'>sed</span> <span class='ocrx_word' id='word_1_61' title='bbox 457 1073 510 1136; x_wconf 91' lang='lat' dir='ltr'>ille</span> <span class='ocrx_word' id='word_1_62' title='bbox 524 1073 580 1161; x_wconf 92' lang='lat' dir='ltr'>qui</span> <span class='ocrx_word' id='word_1_63' title='bbox 597 1073 703 1138; x_wconf 86' lang='lat' dir='ltr'>Solem</span> <span class='ocrx_word' id='word_1_64' title='bbox 718 1071 892 1144; x_wconf 87' lang='lat' dir='ltr'>circumdat</span> <span class='ocrx_word' id='word_1_65' title='bbox 905 1085 953 1138; x_wconf 88' lang='lat' dir='ltr'>est</span> <span class='ocrx_word' id='word_1_66' title='bbox 967 1071 993 1136; x_wconf 90' lang='lat' dir='ltr'>is</span> <span class='ocrx_word' id='word_1_67' title='bbox 1007 1071 1084 1156; x_wconf 88' lang='lat' dir='ltr'>ipse,</span> <span class='ocrx_word' id='word_1_68' title='bbox 1101 1071 1155 1157; x_wconf 92' lang='lat' dir='ltr'>qui</span> <span class='ocrx_word' id='word_1_69' title='bbox 1170 1091 1277 1138; x_wconf 89' lang='lat' dir='ltr'>omues</span> <span class='ocrx_word' id='word_1_70' title='bbox 1292 1069 1431 1156; x_wconf 86' lang='lat' dir='ltr'>planetas</span> <span class='ocrx_word' id='word_1_71' title='bbox 1445 1067 1478 1132; x_wconf 90' lang='lat' dir='ltr'>in</span> 
     </span>
     <span class='ocr_line' id='line_1_8' title="bbox 194 1174 1477 1262; baseline -0.008 -16"><span class='ocrx_word' id='word_1_72' title='bbox 194 1180 258 1246; x_wconf 90' lang='lat' dir='ltr'>suis</span> <span class='ocrx_word' id='word_1_73' title='bbox 279 1180 388 1244; x_wconf 88' lang='lat' dir='ltr'>orbitis</span> <span class='ocrx_word' id='word_1_74' title='bbox 408 1178 565 1257; x_wconf 85' lang='lat' dir='ltr'>coutinet3</span> <span class='ocrx_word' id='word_1_75' title='bbox 588 1180 668 1244; x_wconf 84' lang='lat' dir='ltr'>alter</span> <span class='ocrx_word' id='word_1_76' title='bbox 687 1178 763 1243; x_wconf 83' lang='lat' dir='ltr'>verb</span> <span class='ocrx_word' id='word_1_77' title='bbox 786 1180 912 1245; x_wconf 84' lang='lat' dir='ltr'>Limam</span> <span class='ocrx_word' id='word_1_78' title='bbox 926 1177 1132 1255; x_wconf 86' lang='lat' dir='ltr'>circumdans,</span> <span class='ocrx_word' id='word_1_79' title='bbox 1151 1177 1210 1240; x_wconf 88' lang='lat' dir='ltr'>etsi</span> <span class='ocrx_word' id='word_1_80' title='bbox 1223 1178 1288 1262; x_wconf 88' lang='lat' dir='ltr'>ejus</span> <span class='ocrx_word' id='word_1_81' title='bbox 1303 1175 1349 1239; x_wconf 90' lang='lat' dir='ltr'>vis</span> <span class='ocrx_word' id='word_1_82' title='bbox 1364 1174 1424 1238; x_wconf 87' lang='lat' dir='ltr'>nisi</span> <span class='ocrx_word' id='word_1_83' title='bbox 1444 1175 1477 1236; x_wconf 93' lang='lat' dir='ltr'>in</span> 
     </span>
     <span class='ocr_line' id='line_1_9' title="bbox 190 1281 1477 1382; baseline -0.002 -34"><span class='ocrx_word' id='word_1_84' title='bbox 190 1299 270 1350; x_wconf 81' lang='lat' dir='ltr'>aestu</span> <span class='ocrx_word' id='word_1_85' title='bbox 283 1285 378 1350; x_wconf 85' lang='lat' dir='ltr'>maris</span> <span class='ocrx_word' id='word_1_86' title='bbox 393 1307 458 1350; x_wconf 92' lang='lat' dir='ltr'>uon</span> <span class='ocrx_word' id='word_1_87' title='bbox 472 1286 612 1364; x_wconf 85' lang='lat' dir='ltr'>sentitur,</span> <span class='ocrx_word' id='word_1_88' title='bbox 635 1299 740 1351; x_wconf 89' lang='lat' dir='ltr'>tamen</span> <span class='ocrx_word' id='word_1_89' title='bbox 755 1285 821 1351; x_wconf 91' lang='lat' dir='ltr'>siue</span> <span class='ocrx_word' id='word_1_90' title='bbox 836 1285 899 1352; x_wconf 83' lang='lat' dir='ltr'>ulli</span> <span class='ocrx_word' id='word_1_91' title='bbox 921 1285 1116 1350; x_wconf 78' lang='lat' dir='ltr'>haesitatione</span> <span class='ocrx_word' id='word_1_92' title='bbox 1131 1285 1253 1350; x_wconf 79' lang='lat' dir='ltr'>admitti</span> <span class='ocrx_word' id='word_1_93' title='bbox 1271 1295 1384 1382; x_wconf 87' lang='lat' dir='ltr'>potest,</span> <span class='ocrx_word' id='word_1_94' title='bbox 1406 1281 1477 1349; x_wconf 77' lang='lat' dir='ltr'>crim</span> 
     </span>
     <span class='ocr_line' id='line_1_10' title="bbox 192 1392 1478 1474; baseline -0.004 -14"><span class='ocrx_word' id='word_1_95' title='bbox 192 1393 278 1460; x_wconf 79' lang='lat' dir='ltr'>certd</span> <span class='ocrx_word' id='word_1_96' title='bbox 302 1407 424 1460; x_wconf 92' lang='lat' dir='ltr'>constet</span> <span class='ocrx_word' id='word_1_97' title='bbox 452 1396 596 1474; x_wconf 80' lang='lat' dir='ltr'>Terram,</span> <span class='ocrx_word' id='word_1_98' title='bbox 626 1397 738 1464; x_wconf 86' lang='lat' dir='ltr'>Jovem</span> <span class='ocrx_word' id='word_1_99' title='bbox 766 1417 803 1461; x_wconf 87' lang='lat' dir='ltr'>ac</span> <span class='ocrx_word' id='word_1_100' title='bbox 835 1397 1005 1462; x_wconf 80' lang='lat' dir='ltr'>Saturnum</span> <span class='ocrx_word' id='word_1_101' title='bbox 1030 1394 1183 1460; x_wconf 80' lang='lat' dir='ltr'>similibus</span> <span class='ocrx_word' id='word_1_102' title='bbox 1213 1392 1381 1457; x_wconf 88' lang='lat' dir='ltr'>vorticibus</span> <span class='ocrx_word' id='word_1_103' title='bbox 1412 1414 1478 1456; x_wconf 91' lang='lat' dir='ltr'>esse</span> 
     </span>
     <span class='ocr_line' id='line_1_11' title="bbox 194 1499 1479 1594; baseline -0.005 -28"><span class='ocrx_word' id='word_1_104' title='bbox 194 1501 321 1580; x_wconf 91' lang='lat' dir='ltr'>cinctos,</span> <span class='ocrx_word' id='word_1_105' title='bbox 344 1501 429 1566; x_wconf 92' lang='lat' dir='ltr'>unde</span> <span class='ocrx_word' id='word_1_106' title='bbox 449 1501 602 1588; x_wconf 86' lang='lat' dir='ltr'>ejusmodi</span> <span class='ocrx_word' id='word_1_107' title='bbox 617 1503 749 1568; x_wconf 72' lang='lat' dir='ltr'>vortices</span> <span class='ocrx_word' id='word_1_108' title='bbox 769 1500 849 1566; x_wconf 91' lang='lat' dir='ltr'>nulli</span> <span class='ocrx_word' id='word_1_109' title='bbox 871 1502 998 1566; x_wconf 89' lang='lat' dir='ltr'>omniuo</span> <span class='ocrx_word' id='word_1_110' title='bbox 1013 1501 1138 1588; x_wconf 87' lang='lat' dir='ltr'>corpori</span> <span class='ocrx_word' id='word_1_111' title='bbox 1156 1499 1316 1594; x_wconf 85' lang='lat' dir='ltr'>mundano</span> <span class='ocrx_word' id='word_1_112' title='bbox 1331 1499 1479 1586; x_wconf 85' lang='lat' dir='ltr'>denegari</span> 
     </span>
     <span class='ocr_line' id='line_1_12' title="bbox 191 1607 1477 1696; baseline -0.003 -24"><span class='ocrx_word' id='word_1_113' title='bbox 191 1629 284 1692; x_wconf 92' lang='lat' dir='ltr'>posse</span> <span class='ocrx_word' id='word_1_114' title='bbox 296 1608 451 1673; x_wconf 89' lang='lat' dir='ltr'>videntur.</span> <span class='ocrx_word' id='word_1_115' title='bbox 496 1608 626 1673; x_wconf 82' lang='lat' dir='ltr'>Parciiis</span> <span class='ocrx_word' id='word_1_116' title='bbox 640 1608 767 1696; x_wconf 89' lang='lat' dir='ltr'>quidem</span> <span class='ocrx_word' id='word_1_117' title='bbox 784 1607 838 1672; x_wconf 89' lang='lat' dir='ltr'>bic</span> <span class='ocrx_word' id='word_1_118' title='bbox 852 1609 1014 1674; x_wconf 90' lang='lat' dir='ltr'>materiam</span> <span class='ocrx_word' id='word_1_119' title='bbox 1028 1608 1068 1673; x_wconf 93' lang='lat' dir='ltr'>de</span> <span class='ocrx_word' id='word_1_120' title='bbox 1082 1608 1252 1674; x_wconf 87' lang='lat' dir='ltr'>vorticibus</span> <span class='ocrx_word' id='word_1_121' title='bbox 1267 1607 1477 1682; x_wconf 79' lang='lat' dir='ltr'>tractavimus,</span> 
     </span>
     <span class='ocr_line' id='line_1_13' title="bbox 191 1713 1478 1800; baseline -0.001 -21"><span class='ocrx_word' id='word_1_122' title='bbox 191 1715 311 1779; x_wconf 85' lang='lat' dir='ltr'>etiamsi</span> <span class='ocrx_word' id='word_1_123' title='bbox 325 1715 359 1777; x_wconf 93' lang='lat' dir='ltr'>iu</span> <span class='ocrx_word' id='word_1_124' title='bbox 373 1713 433 1778; x_wconf 90' lang='lat' dir='ltr'>illis</span> <span class='ocrx_word' id='word_1_125' title='bbox 446 1736 552 1778; x_wconf 88' lang='lat' dir='ltr'>veram</span> <span class='ocrx_word' id='word_1_126' title='bbox 565 1714 660 1780; x_wconf 74' lang='lat' dir='ltr'>sestias</span> <span class='ocrx_word' id='word_1_127' title='bbox 674 1715 769 1780; x_wconf 89' lang='lat' dir='ltr'>maris</span> <span class='ocrx_word' id='word_1_128' title='bbox 784 1737 909 1780; x_wconf 87' lang='lat' dir='ltr'>causam</span> <span class='ocrx_word' id='word_1_129' title='bbox 923 1737 1095 1800; x_wconf 88' lang='lat' dir='ltr'>ponamus;</span> <span class='ocrx_word' id='word_1_130' title='bbox 1121 1714 1183 1781; x_wconf 90' lang='lat' dir='ltr'>hoc</span> <span class='ocrx_word' id='word_1_131' title='bbox 1197 1727 1301 1780; x_wconf 87' lang='lat' dir='ltr'>autem</span> <span class='ocrx_word' id='word_1_132' title='bbox 1316 1714 1357 1779; x_wconf 90' lang='lat' dir='ltr'>de</span> <span class='ocrx_word' id='word_1_133' title='bbox 1371 1714 1478 1779; x_wconf 91' lang='lat' dir='ltr'>indus·</span> 
     </span>
     <span class='ocr_line' id='line_1_14' title="bbox 194 1818 1478 1910; baseline 0.002 -24"><span class='ocrx_word' id='word_1_134' title='bbox 194 1821 253 1886; x_wconf 72' lang='lat' dir='ltr'>tria</span> <span class='ocrx_word' id='word_1_135' title='bbox 268 1820 405 1900; x_wconf 83' lang='lat' dir='ltr'>fecimus,</span> <span class='ocrx_word' id='word_1_136' title='bbox 421 1818 494 1886; x_wconf 78' lang='lat' dir='ltr'>crim</span> <span class='ocrx_word' id='word_1_137' title='bbox 507 1821 568 1886; x_wconf 92' lang='lat' dir='ltr'>hoc</span> <span class='ocrx_word' id='word_1_138' title='bbox 582 1835 801 1910; x_wconf 81' lang='lat' dir='ltr'>argumentum</span> <span class='ocrx_word' id='word_1_139' title='bbox 808 1824 876 1908; x_wconf 90' lang='lat' dir='ltr'>jam</span> <span class='ocrx_word' id='word_1_140' title='bbox 890 1825 981 1889; x_wconf 90' lang='lat' dir='ltr'>toties</span> <span class='ocrx_word' id='word_1_141' title='bbox 993 1825 1034 1888; x_wconf 90' lang='lat' dir='ltr'>sit</span> <span class='ocrx_word' id='word_1_142' title='bbox 1043 1835 1209 1896; x_wconf 68' lang='lat' dir='ltr'>tracttmrm</span> <span class='ocrx_word' id='word_1_143' title='bbox 1220 1846 1258 1888; x_wconf 85' lang='lat' dir='ltr'>ac</span> <span class='ocrx_word' id='word_1_144' title='bbox 1267 1821 1332 1891; x_wconf 71' lang='lat' dir='ltr'>ferd</span> <span class='ocrx_word' id='word_1_145' title='bbox 1344 1823 1478 1888; x_wconf 78' lang='lat' dir='ltr'>exhaus-</span> 
     </span>
     <span class='ocr_line' id='line_1_15' title="bbox 193 1929 1481 2018; baseline 0.002 -24"><span class='ocrx_word' id='word_1_146' title='bbox 193 1942 279 2006; x_wconf 89' lang='lat' dir='ltr'>tum;</span> <span class='ocrx_word' id='word_1_147' title='bbox 301 1952 402 2016; x_wconf 87' lang='lat' dir='ltr'>neque</span> <span class='ocrx_word' id='word_1_148' title='bbox 422 1931 512 1995; x_wconf 91' lang='lat' dir='ltr'>uobis</span> <span class='ocrx_word' id='word_1_149' title='bbox 533 1931 723 2018; x_wconf 88' lang='lat' dir='ltr'>persuadere</span> <span class='ocrx_word' id='word_1_150' title='bbox 743 1953 920 2016; x_wconf 88' lang='lat' dir='ltr'>possumus,</span> <span class='ocrx_word' id='word_1_151' title='bbox 944 1934 971 1997; x_wconf 91' lang='lat' dir='ltr'>si</span> <span class='ocrx_word' id='word_1_152' title='bbox 993 1931 1053 1997; x_wconf 83' lang='lat' dir='ltr'>bic</span> <span class='ocrx_word' id='word_1_153' title='bbox 1074 1932 1236 1998; x_wconf 87' lang='lat' dir='ltr'>occasione</span> <span class='ocrx_word' id='word_1_154' title='bbox 1253 1929 1425 1996; x_wconf 82' lang='lat' dir='ltr'>doctrinam</span> <span class='ocrx_word' id='word_1_155' title='bbox 1439 1931 1481 1996; x_wconf 93' lang='lat' dir='ltr'>de</span> 
     </span>
     <span class='ocr_line' id='line_1_16' title="bbox 194 2027 1558 2134; baseline 0.002 -31"><span class='ocrx_word' id='word_1_156' title='bbox 194 2039 362 2105; x_wconf 82' lang='lat' dir='ltr'>vorticibus</span> <span class='ocrx_word' id='word_1_157' title='bbox 376 2041 471 2105; x_wconf 85' lang='lat' dir='ltr'>etiam</span> <span class='ocrx_word' id='word_1_158' title='bbox 484 2040 606 2120; x_wconf 76' lang='lat' dir='ltr'>melius,</span> <span class='ocrx_word' id='word_1_159' title='bbox 623 2064 717 2128; x_wconf 89' lang='lat' dir='ltr'>quam</span> <span class='ocrx_word' id='word_1_160' title='bbox 731 2042 901 2134; x_wconf 83' lang='lat' dir='ltr'>etiamnmu</span> <span class='ocrx_word' id='word_1_161' title='bbox 914 2063 1101 2130; x_wconf 78' lang='lat' dir='ltr'>aq&#39;ioquttm</span> <span class='ocrx_word' id='word_1_162' title='bbox 1115 2053 1162 2108; x_wconf 87' lang='lat' dir='ltr'>est</span> <span class='ocrx_word' id='word_1_163' title='bbox 1176 2041 1302 2120; x_wconf 76' lang='lat' dir='ltr'>acum,</span> <span class='ocrx_word' id='word_1_164' title='bbox 1317 2040 1480 2127; x_wconf 82' lang='lat' dir='ltr'>expedire-</span> <span class='ocrx_word' id='word_1_165' title='bbox 1553 2027 1558 2045; x_wconf 79' lang='lat'><em>&#39;</em></span> 
     </span>
     <span class='ocr_line' id='line_1_17' title="bbox 103 2147 1012 2234; baseline 0.006 -27"><span class='ocrx_word' id='word_1_166' title='bbox 103 2196 107 2206; x_wconf 78' lang='lat'>.</span> <span class='ocrx_word' id='word_1_167' title='bbox 196 2168 276 2224; x_wconf 90' lang='lat' dir='ltr'>mus,</span> <span class='ocrx_word' id='word_1_168' title='bbox 292 2147 335 2211; x_wconf 91' lang='lat' dir='ltr'>ob</span> <span class='ocrx_word' id='word_1_169' title='bbox 349 2169 418 2212; x_wconf 88' lang='lat' dir='ltr'>eam</span> <span class='ocrx_word' id='word_1_170' title='bbox 433 2169 500 2213; x_wconf 90' lang='lat' dir='ltr'>rem</span> <span class='ocrx_word' id='word_1_171' title='bbox 513 2148 679 2234; x_wconf 73' lang='lat' dir='ltr'>praemium</span> <span class='ocrx_word' id='word_1_172' title='bbox 692 2148 783 2213; x_wconf 90' lang='lat' dir='ltr'>nobis</span> <span class='ocrx_word' id='word_1_173' title='bbox 797 2149 949 2214; x_wconf 89' lang='lat' dir='ltr'>tributum</span> <span class='ocrx_word' id='word_1_174' title='bbox 963 2148 1012 2212; x_wconf 89' lang='lat' dir='ltr'>iri.</span> 
     </span>
    </p>
   </div>
   <div class='ocr_carea' id='block_1_5' title="bbox 753 2443 920 2466">
    <p class='ocr_par' dir='ltr' id='par_1_5' title="bbox 753 2443 920 2466">
     <span class='ocr_line' id='line_1_18' title="bbox 753 2443 920 2466; baseline -0.006 0"><span class='ocrx_word' id='word_1_175' title='bbox 753 2443 920 2466; x_wconf 56' lang='lat' dir='ltr'>mm</span> 
     </span>
    </p>
   </div>
   <div class='ocr_carea' id='block_1_6' title="bbox 598 2617 1122 2772">
    <p class='ocr_par' dir='ltr' id='par_1_6' title="bbox 598 2617 1122 2772">
     <span class='ocr_line' id='line_1_19' title="bbox 598 2617 1122 2772; baseline 0.01 -26"><span class='ocrx_word' id='word_1_176' title='bbox 598 2671 776 2747; x_wconf 77' lang='lat' dir='ltr'>curus</span> <span class='ocrx_word' id='word_1_177' title='bbox 801 2673 1077 2772; x_wconf 84' lang='lat' dir='ltr'>ocrAvum.</span> <span class='ocrx_word' id='word_1_178' title='bbox 1115 2617 1122 2633; x_wconf 48' lang='lat'><strong>¹</strong></span> 
     </span>
    </p>
   </div>
   <div class='ocr_carea' id='block_1_7' title="bbox 223 2877 1450 2976">
    <p class='ocr_par' dir='ltr' id='par_1_7' title="bbox 223 2877 1450 2976">
     <span class='ocr_line' id='line_1_20' title="bbox 223 2877 1450 2976; baseline 0.003 -26"><span class='ocrx_word' id='word_1_179' title='bbox 223 2877 285 2950; x_wconf 88' lang='lat' dir='ltr'>De</span> <span class='ocrx_word' id='word_1_180' title='bbox 302 2877 431 2952; x_wconf 78' lang='lat' dir='ltr'>AEstris</span> <span class='ocrx_word' id='word_1_181' title='bbox 447 2879 570 2953; x_wconf 82' lang='lat' dir='ltr'>Moris</span> <span class='ocrx_word' id='word_1_182' title='bbox 579 2883 847 2976; x_wconf 71' lang='lat' dir='ltr'>perturbatione</span> <span class='ocrx_word' id='word_1_183' title='bbox 862 2909 885 2958; x_wconf 86' lang='lat' dir='ltr'>a</span> <span class='ocrx_word' id='word_1_184' title='bbox 904 2883 1029 2960; x_wconf 76' lang='lat' dir='ltr'>Terris</span> <span class='ocrx_word' id='word_1_185' title='bbox 1044 2908 1086 2958; x_wconf 89' lang='lat' dir='ltr'>cc</span> <span class='ocrx_word' id='word_1_186' title='bbox 1102 2883 1275 2960; x_wconf 79' lang='lat' dir='ltr'>littoribus</span> <span class='ocrx_word' id='word_1_187' title='bbox 1290 2882 1450 2960; x_wconf 69' lang='lat' dir='ltr'>oriunda.</span> 
     </span>
    </p>
   </div>
   <div class='ocr_carea' id='block_1_8' title="bbox 191 3091 1484 4726">
    <p class='ocr_par' dir='ltr' id='par_1_8' title="bbox 191 3091 1484 4726">
     <span class='ocr_line' id='line_1_21' title="bbox 193 3091 1481 3224; baseline 0.011 -37"><span class='ocrx_word' id='word_1_188' title='bbox 193 3129 308 3208; x_wconf 66' lang='lat'>§.112</span> <span class='ocrx_word' id='word_1_189' title='bbox 331 3091 574 3197; x_wconf 79' lang='lat' dir='ltr'>Pusvsmucs</span> <span class='ocrx_word' id='word_1_190' title='bbox 596 3133 723 3198; x_wconf 75' lang='lat' dir='ltr'>undem</span> <span class='ocrx_word' id='word_1_191' title='bbox 743 3135 785 3200; x_wconf 88' lang='lat' dir='ltr'>ed</span> <span class='ocrx_word' id='word_1_192' title='bbox 806 3135 948 3202; x_wconf 88' lang='lat' dir='ltr'>ultimam</span> <span class='ocrx_word' id='word_1_193' title='bbox 970 3147 1086 3203; x_wconf 78' lang='lat' dir='ltr'>nostrae</span> <span class='ocrx_word' id='word_1_194' title='bbox 1106 3136 1329 3224; x_wconf 85' lang='lat' dir='ltr'>disquisitionis</span> <span class='ocrx_word' id='word_1_195' title='bbox 1348 3149 1481 3222; x_wconf 86' lang='lat' dir='ltr'>partem,</span> 
     </span>
     <span class='ocr_line' id='line_1_22' title="bbox 193 3234 1483 3330; baseline 0.011 -36"><span class='ocrx_word' id='word_1_196' title='bbox 193 3251 266 3316; x_wconf 81' lang='lat' dir='ltr'>quae</span> <span class='ocrx_word' id='word_1_197' title='bbox 278 3234 439 3319; x_wconf 79' lang='lat' dir='ltr'>praecipua</span> <span class='ocrx_word' id='word_1_198' title='bbox 452 3249 509 3316; x_wconf 87' lang='lat' dir='ltr'>est,</span> <span class='ocrx_word' id='word_1_199' title='bbox 531 3237 565 3301; x_wconf 95' lang='lat' dir='ltr'>in</span> <span class='ocrx_word' id='word_1_200' title='bbox 579 3237 641 3324; x_wconf 74' lang='lat' dir='ltr'>quai</span> <span class='ocrx_word' id='word_1_201' title='bbox 655 3239 811 3306; x_wconf 83' lang='lat' dir='ltr'>theoriam</span> <span class='ocrx_word' id='word_1_202' title='bbox 826 3243 1000 3328; x_wconf 85' lang='lat' dir='ltr'>expositam</span> <span class='ocrx_word' id='word_1_203' title='bbox 1014 3243 1055 3306; x_wconf 88' lang='lat' dir='ltr'>ad</span> <span class='ocrx_word' id='word_1_204' title='bbox 1070 3255 1184 3308; x_wconf 88' lang='lat' dir='ltr'>statum</span> <span class='ocrx_word' id='word_1_205' title='bbox 1200 3243 1349 3322; x_wconf 86' lang='lat' dir='ltr'>Telluris,</span> <span class='ocrx_word' id='word_1_206' title='bbox 1371 3243 1403 3308; x_wconf 94' lang='lat' dir='ltr'>in</span> <span class='ocrx_word' id='word_1_207' title='bbox 1419 3267 1483 3330; x_wconf 93' lang='lat' dir='ltr'>quo</span> 
     </span>
     <span class='ocr_line' id='line_1_23' title="bbox 193 3337 1480 3438; baseline 0.011 -39"><span class='ocrx_word' id='word_1_208' title='bbox 193 3337 301 3402; x_wconf 77' lang='lat' dir='ltr'>reveri</span> <span class='ocrx_word' id='word_1_209' title='bbox 322 3342 488 3424; x_wconf 90' lang='lat' dir='ltr'>reperitur,</span> <span class='ocrx_word' id='word_1_210' title='bbox 512 3343 619 3409; x_wconf 90' lang='lat' dir='ltr'>debito</span> <span class='ocrx_word' id='word_1_211' title='bbox 639 3347 736 3412; x_wconf 91' lang='lat' dir='ltr'>modo</span> <span class='ocrx_word' id='word_1_212' title='bbox 757 3349 1071 3414; x_wconf 87' lang='lat' dir='ltr'>accommodabimus.</span> <span class='ocrx_word' id='word_1_213' title='bbox 1118 3349 1284 3415; x_wconf 87' lang='lat' dir='ltr'>Hactenus</span> <span class='ocrx_word' id='word_1_214' title='bbox 1299 3352 1392 3428; x_wconf 89' lang='lat' dir='ltr'>enim,</span> <span class='ocrx_word' id='word_1_215' title='bbox 1416 3349 1480 3438; x_wconf 83' lang='lat' dir='ltr'>qub</span> 
     </span>
     <span class='ocr_line' id='line_1_24' title="bbox 195 3443 1484 3535; baseline 0.014 -30"><span class='ocrx_word' id='word_1_216' title='bbox 195 3443 294 3508; x_wconf 88' lang='lat' dir='ltr'>ardua</span> <span class='ocrx_word' id='word_1_217' title='bbox 314 3445 563 3535; x_wconf 71' lang='lat' dir='ltr'>istadisquisitio</span> <span class='ocrx_word' id='word_1_218' title='bbox 577 3451 697 3517; x_wconf 81' lang='lat' dir='ltr'>facilior</span> <span class='ocrx_word' id='word_1_219' title='bbox 711 3455 896 3521; x_wconf 89' lang='lat' dir='ltr'>redderetur</span> <span class='ocrx_word' id='word_1_220' title='bbox 910 3456 950 3520; x_wconf 85' lang='lat' dir='ltr'>ab</span> <span class='ocrx_word' id='word_1_221' title='bbox 965 3455 1110 3522; x_wconf 91' lang='lat' dir='ltr'>omnibus</span> <span class='ocrx_word' id='word_1_222' title='bbox 1125 3459 1365 3524; x_wconf 84' lang='lat' dir='ltr'>circumstantiis</span> <span class='ocrx_word' id='word_1_223' title='bbox 1380 3471 1484 3524; x_wconf 86' lang='lat' dir='ltr'>exter·</span> 
     </span>
     <span class='ocr_line' id='line_1_25' title="bbox 193 3551 1483 3641; baseline 0.016 -28"><span class='ocrx_word' id='word_1_224' title='bbox 193 3551 242 3614; x_wconf 90' lang='lat' dir='ltr'>uis</span> <span class='ocrx_word' id='word_1_225' title='bbox 257 3552 370 3637; x_wconf 90' lang='lat' dir='ltr'>quibus</span> <span class='ocrx_word' id='word_1_226' title='bbox 384 3556 512 3622; x_wconf 81' lang='lat' dir='ltr'>effectus</span> <span class='ocrx_word' id='word_1_227' title='bbox 527 3582 547 3624; x_wconf 90' lang='lat' dir='ltr'>a</span> <span class='ocrx_word' id='word_1_228' title='bbox 560 3561 678 3627; x_wconf 92' lang='lat' dir='ltr'>viribus</span> <span class='ocrx_word' id='word_1_229' title='bbox 695 3563 778 3641; x_wconf 77' lang='lat' dir='ltr'>Solis</span> <span class='ocrx_word' id='word_1_230' title='bbox 791 3587 829 3628; x_wconf 91' lang='lat' dir='ltr'>ac</span> <span class='ocrx_word' id='word_1_231' title='bbox 848 3561 950 3630; x_wconf 72' lang='lat' dir='ltr'>Lunae</span> <span class='ocrx_word' id='word_1_232' title='bbox 964 3566 1104 3632; x_wconf 89' lang='lat' dir='ltr'>oriundis</span> <span class='ocrx_word' id='word_1_233' title='bbox 1120 3569 1169 3632; x_wconf 92' lang='lat' dir='ltr'>vel</span> <span class='ocrx_word' id='word_1_234' title='bbox 1184 3570 1303 3634; x_wconf 90' lang='lat' dir='ltr'>turbari</span> <span class='ocrx_word' id='word_1_235' title='bbox 1316 3570 1363 3634; x_wconf 91' lang='lat' dir='ltr'>vel</span> <span class='ocrx_word' id='word_1_236' title='bbox 1380 3569 1483 3633; x_wconf 87' lang='lat' dir='ltr'>deter-</span> 
     </span>
     <span class='ocr_line' id='line_1_26' title="bbox 193 3658 1483 3759; baseline 0.014 -40"><span class='ocrx_word' id='word_1_237' title='bbox 193 3658 315 3723; x_wconf 86' lang='lat' dir='ltr'>minatu</span> <span class='ocrx_word' id='word_1_238' title='bbox 340 3661 528 3728; x_wconf 88' lang='lat' dir='ltr'>difficiliores</span> <span class='ocrx_word' id='word_1_239' title='bbox 556 3667 648 3731; x_wconf 87' lang='lat' dir='ltr'>reddi</span> <span class='ocrx_word' id='word_1_240' title='bbox 679 3682 817 3753; x_wconf 85' lang='lat' dir='ltr'>possent,</span> <span class='ocrx_word' id='word_1_241' title='bbox 849 3671 1068 3759; x_wconf 82' lang='lat' dir='ltr'>cogitationem</span> <span class='ocrx_word' id='word_1_242' title='bbox 1097 3673 1315 3742; x_wconf 82' lang='lat' dir='ltr'>abstraximus.</span> <span class='ocrx_word' id='word_1_243' title='bbox 1374 3673 1483 3739; x_wconf 81' lang='lat' dir='ltr'>Primb</span> 
     </span>
     <span class='ocr_line' id='line_1_27' title="bbox 194 3768 1484 3867; baseline 0.012 -37"><span class='ocrx_word' id='word_1_244' title='bbox 194 3768 311 3834; x_wconf 89' lang='lat' dir='ltr'>scilicet</span> <span class='ocrx_word' id='word_1_245' title='bbox 328 3792 394 3834; x_wconf 91' lang='lat' dir='ltr'>uon</span> <span class='ocrx_word' id='word_1_246' title='bbox 416 3773 515 3836; x_wconf 90' lang='lat' dir='ltr'>solum</span> <span class='ocrx_word' id='word_1_247' title='bbox 532 3787 630 3840; x_wconf 90' lang='lat' dir='ltr'>totam</span> <span class='ocrx_word' id='word_1_248' title='bbox 644 3777 778 3842; x_wconf 90' lang='lat' dir='ltr'>Terram</span> <span class='ocrx_word' id='word_1_249' title='bbox 793 3800 834 3844; x_wconf 84' lang='lat' dir='ltr'>ex</span> <span class='ocrx_word' id='word_1_250' title='bbox 849 3779 929 3867; x_wconf 76' lang='lat' dir='ltr'>aqui</span> <span class='ocrx_word' id='word_1_251' title='bbox 945 3783 1110 3846; x_wconf 85' lang='lat' dir='ltr'>conflatam</span> <span class='ocrx_word' id='word_1_252' title='bbox 1124 3783 1295 3867; x_wconf 88' lang='lat' dir='ltr'>posuimus,</span> <span class='ocrx_word' id='word_1_253' title='bbox 1319 3783 1484 3848; x_wconf 87' lang='lat' dir='ltr'>sedetiam</span> 
     </span>
     <span class='ocr_line' id='line_1_28' title="bbox 194 3876 1484 3978; baseline 0.012 -38"><span class='ocrx_word' id='word_1_254' title='bbox 194 3876 340 3942; x_wconf 91' lang='lat' dir='ltr'>inertiam</span> <span class='ocrx_word' id='word_1_255' title='bbox 361 3902 451 3968; x_wconf 84' lang='lat' dir='ltr'>aquae</span> <span class='ocrx_word' id='word_1_256' title='bbox 472 3897 578 3948; x_wconf 91' lang='lat' dir='ltr'>mente</span> <span class='ocrx_word' id='word_1_257' title='bbox 599 3885 790 3967; x_wconf 84' lang='lat' dir='ltr'>sustulimus,</span> <span class='ocrx_word' id='word_1_258' title='bbox 813 3901 849 3954; x_wconf 90' lang='lat' dir='ltr'>ut</span> <span class='ocrx_word' id='word_1_259' title='bbox 870 3888 909 3954; x_wconf 80' lang='lat' dir='ltr'>eb</span> <span class='ocrx_word' id='word_1_260' title='bbox 929 3891 1092 3973; x_wconf 87' lang='lat' dir='ltr'>pauciores</span> <span class='ocrx_word' id='word_1_261' title='bbox 1108 3913 1157 3954; x_wconf 91' lang='lat' dir='ltr'>res</span> <span class='ocrx_word' id='word_1_262' title='bbox 1179 3892 1211 3954; x_wconf 94' lang='lat' dir='ltr'>in</span> <span class='ocrx_word' id='word_1_263' title='bbox 1227 3905 1409 3978; x_wconf 90' lang='lat' dir='ltr'>computum</span> <span class='ocrx_word' id='word_1_264' title='bbox 1423 3891 1484 3956; x_wconf 91' lang='lat' dir='ltr'>du-</span> 
     </span>
     <span class='ocr_line' id='line_1_29' title="bbox 193 3986 1480 4085; baseline 0.01 -36"><span class='ocrx_word' id='word_1_265' title='bbox 193 3986 302 4050; x_wconf 76' lang='lat' dir='ltr'>cendae</span> <span class='ocrx_word' id='word_1_266' title='bbox 316 4003 523 4074; x_wconf 88' lang='lat' dir='ltr'>superessent.</span> <span class='ocrx_word' id='word_1_267' title='bbox 569 3992 696 4060; x_wconf 91' lang='lat' dir='ltr'>Deinde</span> <span class='ocrx_word' id='word_1_268' title='bbox 710 3995 831 4060; x_wconf 76' lang='lat' dir='ltr'>inertiae</span> <span class='ocrx_word' id='word_1_269' title='bbox 846 3997 973 4083; x_wconf 91' lang='lat' dir='ltr'>quidem</span> <span class='ocrx_word' id='word_1_270' title='bbox 987 3997 1153 4064; x_wconf 83' lang='lat' dir='ltr'>habuimus</span> <span class='ocrx_word' id='word_1_271' title='bbox 1168 3999 1330 4078; x_wconf 87' lang='lat' dir='ltr'>rationem,</span> <span class='ocrx_word' id='word_1_272' title='bbox 1346 4023 1384 4064; x_wconf 85' lang='lat' dir='ltr'>ac</span> <span class='ocrx_word' id='word_1_273' title='bbox 1397 4021 1480 4085; x_wconf 82' lang='lat' dir='ltr'>prae·</span> 
     </span>
     <span class='ocr_line' id='line_1_30' title="bbox 193 4094 1483 4184; baseline 0.012 -27"><span class='ocrx_word' id='word_1_274' title='bbox 193 4094 340 4160; x_wconf 86' lang='lat' dir='ltr'>cedentes</span> <span class='ocrx_word' id='word_1_275' title='bbox 363 4095 636 4164; x_wconf 87' lang='lat' dir='ltr'>determinationes</span> <span class='ocrx_word' id='word_1_276' title='bbox 656 4101 763 4166; x_wconf 90' lang='lat' dir='ltr'>debito</span> <span class='ocrx_word' id='word_1_277' title='bbox 781 4103 878 4168; x_wconf 93' lang='lat' dir='ltr'>modo</span> <span class='ocrx_word' id='word_1_278' title='bbox 893 4105 1097 4184; x_wconf 83' lang='lat' dir='ltr'>correximus,</span> <span class='ocrx_word' id='word_1_279' title='bbox 1113 4103 1221 4170; x_wconf 78' lang='lat' dir='ltr'>verbm</span> <span class='ocrx_word' id='word_1_280' title='bbox 1236 4119 1334 4172; x_wconf 86' lang='lat' dir='ltr'>totam</span> <span class='ocrx_word' id='word_1_281' title='bbox 1350 4107 1483 4172; x_wconf 87' lang='lat' dir='ltr'>Terram</span> 
     </span>
     <span class='ocr_line' id='line_1_31' title="bbox 192 4201 1483 4292; baseline 0.011 -28"><span class='ocrx_word' id='word_1_282' title='bbox 192 4201 273 4286; x_wconf 77' lang='lat' dir='ltr'>aqui</span> <span class='ocrx_word' id='word_1_283' title='bbox 294 4203 497 4292; x_wconf 90' lang='lat' dir='ltr'>undiquaque</span> <span class='ocrx_word' id='word_1_284' title='bbox 518 4207 736 4274; x_wconf 86' lang='lat' dir='ltr'>circumfusam</span> <span class='ocrx_word' id='word_1_285' title='bbox 756 4209 969 4290; x_wconf 87' lang='lat' dir='ltr'>aasumsimus,</span> <span class='ocrx_word' id='word_1_286' title='bbox 996 4233 1051 4276; x_wconf 88' lang='lat' dir='ltr'>seu</span> <span class='ocrx_word' id='word_1_287' title='bbox 1072 4211 1244 4277; x_wconf 87' lang='lat' dir='ltr'>etiamnum</span> <span class='ocrx_word' id='word_1_288' title='bbox 1268 4213 1437 4280; x_wconf 85' lang='lat' dir='ltr'>anomalias</span> <span class='ocrx_word' id='word_1_289' title='bbox 1463 4237 1483 4278; x_wconf 89' lang='lat' dir='ltr'>a</span> 
     </span>
     <span class='ocr_line' id='line_1_32' title="bbox 194 4305 1482 4406; baseline 0.01 -37"><span class='ocrx_word' id='word_1_290' title='bbox 194 4305 304 4371; x_wconf 91' lang='lat' dir='ltr'>Terris</span> <span class='ocrx_word' id='word_1_291' title='bbox 319 4310 525 4397; x_wconf 80' lang='lat' dir='ltr'>negleximus.</span> <span class='ocrx_word' id='word_1_292' title='bbox 570 4315 665 4380; x_wconf 92' lang='lat' dir='ltr'>Nunc</span> <span class='ocrx_word' id='word_1_293' title='bbox 678 4318 784 4404; x_wconf 86' lang='lat' dir='ltr'>itaque</span> <span class='ocrx_word' id='word_1_294' title='bbox 797 4329 906 4381; x_wconf 92' lang='lat' dir='ltr'>nostra</span> <span class='ocrx_word' id='word_1_295' title='bbox 920 4315 1042 4382; x_wconf 87' lang='lat' dir='ltr'>theoria</span> <span class='ocrx_word' id='word_1_296' title='bbox 1056 4313 1095 4390; x_wconf 82' lang='lat' dir='ltr'>eb</span> <span class='ocrx_word' id='word_1_297' title='bbox 1109 4318 1331 4406; x_wconf 78' lang='lat' dir='ltr'>estpevducta,</span> <span class='ocrx_word' id='word_1_298' title='bbox 1355 4332 1390 4384; x_wconf 91' lang='lat' dir='ltr'>ut</span> <span class='ocrx_word' id='word_1_299' title='bbox 1404 4317 1482 4382; x_wconf 92' lang='lat' dir='ltr'>nihil</span> 
     </span>
     <span class='ocr_line' id='line_1_33' title="bbox 192 4413 1482 4512; baseline 0.012 -37"><span class='ocrx_word' id='word_1_300' title='bbox 192 4413 325 4498; x_wconf 77' lang='lat' dir='ltr'>amplius</span> <span class='ocrx_word' id='word_1_301' title='bbox 345 4417 486 4503; x_wconf 47' lang='lat' dir='ltr'>,adjicere</span> <span class='ocrx_word' id='word_1_302' title='bbox 508 4444 635 4488; x_wconf 90' lang='lat' dir='ltr'>necesse</span> <span class='ocrx_word' id='word_1_303' title='bbox 655 4424 744 4503; x_wconf 82' lang='lat' dir='ltr'>foret,</span> <span class='ocrx_word' id='word_1_304' title='bbox 769 4426 796 4490; x_wconf 92' lang='lat' dir='ltr'>si</span> <span class='ocrx_word' id='word_1_305' title='bbox 817 4425 946 4512; x_wconf 87' lang='lat' dir='ltr'>quidem</span> <span class='ocrx_word' id='word_1_306' title='bbox 966 4438 1061 4490; x_wconf 87' lang='lat' dir='ltr'>aestus</span> <span class='ocrx_word' id='word_1_307' title='bbox 1083 4427 1177 4490; x_wconf 90' lang='lat' dir='ltr'>maris</span> <span class='ocrx_word' id='word_1_308' title='bbox 1242 4427 1352 4492; x_wconf 86' lang='lat' dir='ltr'>Terris</span> <span class='ocrx_word' id='word_1_309' title='bbox 1371 4427 1482 4493; x_wconf 87' lang='lat' dir='ltr'>littori-</span> 
     </span>
     <span class='ocr_line' id='line_1_34' title="bbox 191 4436 1482 4620; baseline 0.012 -38"><span class='ocrx_word' id='word_1_310' title='bbox 191 4518 314 4606; x_wconf 87' lang='lat' dir='ltr'>busque</span> <span class='ocrx_word' id='word_1_311' title='bbox 329 4525 517 4592; x_wconf 91' lang='lat' dir='ltr'>sensibiliter</span> <span class='ocrx_word' id='word_1_312' title='bbox 530 4550 595 4594; x_wconf 90' lang='lat' dir='ltr'>ncu</span> <span class='ocrx_word' id='word_1_313' title='bbox 610 4531 802 4620; x_wconf 83' lang='lat' dir='ltr'>afficeretur3</span> <span class='ocrx_word' id='word_1_314' title='bbox 825 4533 886 4596; x_wconf 91' lang='lat' dir='ltr'>nisi</span> <span class='ocrx_word' id='word_1_315' title='bbox 908 4531 988 4597; x_wconf 74' lang='lat' dir='ltr'>forte</span> <span class='ocrx_word' id='word_1_316' title='bbox 1009 4533 1174 4598; x_wconf 85' lang='lat' dir='ltr'>anomaliae</span> <span class='ocrx_word' id='word_1_317' title='bbox 1189 4436 1332 4620; x_wconf 41' lang='grc' dir='ltr'>Μ</span> <span class='ocrx_word' id='word_1_318' title='bbox 1349 4557 1368 4600; x_wconf 89' lang='lat' dir='ltr'>a</span> <span class='ocrx_word' id='word_1_319' title='bbox 1382 4535 1482 4600; x_wconf 88' lang='lat' dir='ltr'>ventis</span> 
     </span>
     <span class='ocr_line' id='line_1_35' title="bbox 192 4626 1482 4726; baseline 0.012 -37"><span class='ocrx_word' id='word_1_320' title='bbox 192 4626 335 4690; x_wconf 71' lang='lat' dir='ltr'>oriunda</span> <span class='ocrx_word' id='word_1_321' title='bbox 356 4635 594 4699; x_wconf 86' lang='lat' dir='ltr'>commemorari</span> <span class='ocrx_word' id='word_1_322' title='bbox 609 4635 767 4716; x_wconf 88' lang='lat' dir='ltr'>deberent,</span> <span class='ocrx_word' id='word_1_323' title='bbox 792 4661 863 4726; x_wconf 89' lang='lat' dir='ltr'>quae</span> <span class='ocrx_word' id='word_1_324' title='bbox 877 4651 982 4704; x_wconf 89' lang='lat' dir='ltr'>autem</span> <span class='ocrx_word' id='word_1_325' title='bbox 998 4651 1191 4724; x_wconf 76' lang='lat' dir='ltr'>motusque</span> <span class='ocrx_word' id='word_1_326' title='bbox 1212 4657 1377 4724; x_wconf 89' lang='lat' dir='ltr'>perspecto</span> <span class='ocrx_word' id='word_1_327' title='bbox 1391 4641 1482 4708; x_wconf 75' lang='lat' dir='ltr'>facile</span> 
     </span>
    </p>
   </div>
   <div class='ocr_carea' id='block_1_9' title="bbox 0 0 1647 5517">
    <p class='ocr_par' dir='ltr' id='par_1_9' title="bbox 0 0 1647 5517">
     <span class='ocr_line' id='line_1_36' title="bbox 0 0 1647 5517; baseline 0 0"><span class='ocrx_word' id='word_1_328' title='bbox 0 0 1647 5517; x_wconf 95' lang='lat' dir='ltr'> </span> 
     </span>
    </p>
   </div>
  </div>
 </body>
</html>
