3284 5517
472 689 1002 800 INTRODUCTIO

713 962 765 1011 AD

190 1183 381 1264 LUNAE
412 1181 745 1284 rnssonmm
778 1183 1283 1269 anromnnnm

626 1497 847 1522 m

90 1726 202 1822 Tura
215 1757 336 1822 suntin
350 1755 452 1820 Lunae
467 1753 605 1820 Theorii
616 1753 793 1840 spectanda,
810 1755 843 1818 in
858 1756 971 1842 quibus
986 1767 1126 1820 versatur
1140 1757 1241 1820 omnis
1256 1755 1388 1844 quaestio

91 1865 301 1930 astronomica
312 1886 383 1950 quoe
406 1863 446 1928 de
467 1861 533 1946 ipsi
554 1863 675 1926 institui
687 1874 808 1948 potest;
830 1861 977 1947 primum,
994 1863 1060 1948 ejus
1075 1875 1178 1928 motus
1195 1863 1348 1952 quitcnus
1371 1885 1388 1926 e

92 1973 195 2038 Tetri
210 1973 395 2036 observatur
403 1995 413 2046 3
436 1969 583 2046 secundb,
606 1969 709 2056 figura
722 1969 840 2034 lunaris
856 1969 967 2033 orbitae
989 1993 1009 2033 a
1030 1969 1147 2034 circulo
1161 1967 1232 2056 plus
1247 1970 1389 2034 minusve

90 2079 243 2144 recedens
257 2092 290 2142 et
303 2076 449 2162 apsidum
463 2077 529 2161 ejus
543 2075 659 2162 positio
666 2100 676 2154 ;
698 2098 736 2140 ac
757 2075 859 2154 tertib,
877 2078 942 2161 ejus
958 2076 1070 2142 orbitae
1091 2076 1132 2143 ad
1154 2076 1329 2162 eclipticam
1342 2076 1389 2141 in·

23 2215 27 2222 ·
91 2190 231 2255 clinatio.

136 2297 171 2362 Si
185 2293 274 2360 extri
292 2295 374 2360 Solis
389 2294 543 2358 actionem
558 2292 651 2356 Luna
665 2305 769 2357 motus
784 2316 857 2356 suos
874 2305 989 2391 ageret,
1014 2293 1107 2357 Luna
1122 2292 1255 2376 ellipsim
1280 2317 1390 2382 quam-

89 2406 168 2470 libet
179 2407 264 2470 circa
273 2403 409 2468 Terram
419 2402 596 2468 describere
606 2417 713 2488 posset
727 2404 760 2465 in
769 2402 867 2488 plano
879 2404 999 2488 quovis,
1015 2415 1047 2466 et
1062 2426 1099 2467 ea
1109 2403 1225 2488 ellipsis
1236 2403 1390 2488 perpetub

90 2513 202 2578 eadem
216 2524 358 2576 maneret
366 2523 624 2597 constantemque
634 2512 785 2597 angulum
800 2533 872 2576 cum
883 2510 1024 2594 eclipticrl
1036 2509 1172 2575 efficeret
1180 2535 1189 2586 3
1205 2511 1310 2598 itaque
1326 2523 1390 2574 tota

90 2619 213 2683 theoria
228 2619 331 2683 Lunae
347 2618 430 2682 circa
444 2616 513 2680 haec
528 2630 704 2680 versaretur
719 2617 883 2694 elementa,
905 2614 1018 2700 primb,
1043 2629 1079 2679 ut
1092 2637 1133 2679 ex
1148 2629 1289 2716 tempore
1305 2616 1391 2702 quod

91 2726 186 2792 Luna
197 2739 396 2792 consumeret
409 2741 445 2791 ut
459 2751 478 2791 a
493 2726 628 2812 quddam
639 2725 729 2794 stalli
741 2726 906 2791 discedens
922 2726 962 2790 ad
977 2725 1119 2806 eamdem
1129 2725 1255 2804 rediret,
1269 2727 1392 2792 obtine-

90 2848 163 2900 atur
176 2836 303 2900 dmano
312 2838 385 2921 ejus
400 2837 516 2900 mensis
533 2837 686 2921 periodici
702 2836 815 2900 siderei
830 2838 936 2921 sicque
951 2849 1055 2900 motus
1070 2839 1136 2923 ejus
1151 2837 1273 2900 medius
1288 2837 1392 2902 deter-

90 2942 237 3018 minetur,
261 2941 345 3004 unde
366 2940 456 3004 focile
478 2941 670 3005 obtinebitur
692 2943 742 3004 via
764 2964 858 3028 quam
876 2942 968 3004 Luna
987 2941 1061 3006 dato
1076 2953 1217 3026 tempore
1238 2965 1297 3027 per
1318 2965 1391 3008 eum

91 3062 211 3112 motum
223 3048 363 3112 medium
373 3051 494 3113 emetiri
509 3064 623 3134 potest,
639 3050 682 3113 ita
699 3062 743 3128 ut,
761 3049 835 3114 dati
847 3049 979 3133 epochi,
996 3049 1058 3114 hoc
1073 3063 1131 3128 est,
1148 3051 1223 3114 dato
1233 3051 1305 3115 loco
1321 3051 1391 3116 coeli

90 3158 208 3244 inquo
231 3159 325 3222 Luna
346 3158 514 3244 aliquando
536 3161 700 3223 observata
720 3158 838 3236 suisset,
862 3157 938 3221 inde
958 3181 1052 3244 quem
1074 3160 1107 3222 in
1130 3158 1233 3222 locum
1255 3159 1392 3246 migrare

90 3267 258 3344 debuisset,
274 3266 350 3330 dato
364 3279 515 3350 tempore,
530 3289 588 3351 per
602 3266 697 3330 medii
711 3266 815 3332 motus
831 3264 985 3330 calculum
999 3265 1130 3330 inveniri
1144 3279 1259 3351 posset

135 3376 267 3450 Postea3
290 3375 378 3439 locus
392 3376 515 3462 apogrei
531 3374 643 3451 Lunae,
667 3375 752 3460 quod
775 3375 807 3437 in
830 3373 918 3437 coelis
940 3374 1041 3438 eidem
1056 3387 1175 3459 puncto
1197 3395 1321 3460 semper
1344 3395 1391 3434 ra-

91 3485 270 3570 sponderet,
284 3485 366 3549 foret
377 3484 591 3571 requirendus,
605 3498 672 3549 tum
683 3483 900 3548 excentricitas
911 3484 977 3568 ejus
997 3483 1118 3562 orbitae,
1135 3484 1179 3546 sic
1194 3483 1278 3548 enim
1290 3481 1392 3570 figura

91 3593 236 3682 ellipseos
252 3617 348 3680 quam
363 3594 457 3658 Luna
472 3594 620 3658 describit
641 3594 845 3670 obtineretur,
870 3608 902 3658 et
924 3595 1006 3679 quis,
1030 3595 1108 3658 citra
1125 3592 1206 3657 Solis
1225 3593 1389 3670 actionem,

92 3701 185 3766 Luna
201 3715 378 3767 moveretur
393 3703 566 3768 secunddm
588 3703 690 3791 legem
707 3705 941 3789 Keplerianam,
965 3705 1027 3770 hoc
1049 3719 1103 3783 est,
1126 3707 1171 3770 ita
1193 3717 1228 3768 ut
1249 3715 1391 3790 tempora

92 3810 206 3896 quibus
217 3809 402 3874 durantibus
415 3811 509 3875 Luna
519 3825 707 3888 moveretur,
719 3835 784 3876 non
795 3813 924 3898 quidem
936 3813 999 3876 sint
1008 3812 1256 3897 proportionalia
1267 3811 1390 3898 angulis

92 3918 228 3984 eTerri
244 3921 399 4004 spectatis,
422 3921 477 3984 sed
493 3923 573 3986 areis
587 3923 761 4008 descriptis,
784 3924 858 3987 hinc
881 3925 936 3988 fiet
958 3937 993 3988 ut
1015 3923 1190 3988 differentia
1212 3924 1272 3986 loci
1289 3922 1391 3985 Lunae

92 4049 150 4113 per
170 4038 292 4090 motum
312 4027 451 4090 medium
472 4030 643 4114 computati
665 4031 706 4094 ab
727 4031 793 4114 ejus
814 4031 992 4108 loco-vero,
1017 4031 1195 4095 obtineatur
1217 4051 1257 4094 ex
1279 4029 1390 4092 orbitae

92 4135 212 4201 lunaris
225 4136 327 4223 figura
342 4157 401 4221 per
414 4137 579 4202 methodos
606 4152 705 4217 notas,
731 4163 803 4226 quae
817 4141 993 4204 differentia
1008 4141 1122 4206 dicitur
1137 4140 1273 4226 aequatio
1286 4139 1391 4205 Lunoe

93 4247 204 4322 soluta,
220 4245 282 4308 hoc
297 4257 353 4322 est,
370 4247 505 4330 aequatio
520 4271 538 4310 a
555 4247 629 4312 Sole
643 4271 709 4313 non
722 4249 874 4334 pendens,
891 4263 923 4314 et
937 4249 1127 4338 intelligetur
1139 4249 1251 4335 quibus
1267 4250 1299 4312 in
1314 4249 1391 4312 locis

93 4354 147 4419 illa
166 4355 302 4440 aequatio
323 4355 365 4418 sit
386 4353 566 4421 adhibenda
587 4379 626 4422 ax
650 4359 712 4422 situ
733 4361 860 4446 cognito
883 4362 1007 4448 apogaei
1032 4339 1143 4437 Lunae,
1168 4359 1285 4444 pendet
1306 4357 1391 4424 enim

94 4458 222 4520 omnino
235 4482 274 4522 ea
288 4459 467 4524 differentia
479 4482 520 4522 ex
534 4463 596 4526 situ
613 4463 715 4526 Lunae
729 4465 763 4527 in
776 4464 854 4530 orbe
870 4487 927 4528 suo
944 4479 1086 4550 respectu
1102 4466 1223 4554 apogaei
1240 4465 1297 4530 sui.

148 4566 268 4634 Tertib.
323 4569 540 4646 Quaerendum
570 4571 650 4638 soret
678 4573 955 4652 observationibus,
985 4575 1098 4660 quibus
1129 4575 1160 4637 in
1191 4574 1267 4638 locis
1298 4573 1391 4650 Luna

715 4683 766 4727 ao
