3284 5517
501 380 843 451 PHILOSOPHIAE
863 380 1139 447 NATURALIS
1152 367 1244 460 ''[Ds
1256 377 1381 443 Moun.
1392 378 1486 445 Srsr.

965 732 999 791 in
1014 728 1193 789 mariniano,

983 876 1167 955 ,131001501

1028 969 1134 1026 56687

1029 1055 1135 1110 56642

1028 1142 1135 1197 56659
1246 1166 1250 1172 ·

1027 1226 1133 1286 56687

1028 1314 1135 1373 56724

1029 1400 1135 1460 56769

1029 1487 1134 1543 56828

1029 1574 1136 1631 56882

1030 1661 1135 1717 56945

1028 1748 1135 1805 56958

1030 1834 1132 1895 56971

1031 1921 1136 1977 56984

1029 2008 1135 2069 56997

1028 2093 1136 2153 57010

1031 2181 1138 2240 57022
1219 2195 1231 2209 ’

1029 2268 1135 2327 57035

1030 2352 1135 2412 57048

1030 2439 1132 2499 57061

1029 2526 1135 2586 57074

1032 2612 1138 2673 57137

1031 2700 1137 2760 57196

1032 2786 1138 2846 57250

1032 2872 1137 2935 57295

1031 2958 1138 3019 57332

1032 3045 1139 3106 57360

1032 3133 1137 3192 57377

1032 3219 1137 3277 59882

248 3458 381 3523 Constat
404 3470 507 3521 autem
535 3478 593 3541 per
621 3454 703 3519 hano
727 3456 876 3533 tabulam,
907 3455 993 3542 quod
1018 3456 1173 3543 graduum
1202 3454 1396 3541 inaequalitas
1425 3466 1491 3518 tarn

201 3588 298 3653 parva
321 3566 370 3644 sit,
395 3576 431 3630 ut
455 3566 487 3627 in
510 3565 603 3629 rebus
624 3552 847 3655 geographicis*
864 3566 967 3652 figura
989 3564 1100 3629 Terras
1122 3587 1182 3649 pro
1204 3562 1357 3650 sphaerical
1381 3564 1491 3627 haberi

200 3676 315 3763 possit:
339 3674 379 3761 (¹³)
394 3676 569 3760 praesertim
588 3672 615 3739 si
637 3674 737 3739 Terra
752 3672 847 3760 paulo
862 3673 990 3739 densior
1005 3674 1045 3739 sit
1059 3696 1167 3738 versus
1181 3672 1309 3759 planum
1324 3672 1491 3759 oequatoris

203 3787 297 3876 quim
312 3810 419 3851 versus
432 3786 531 3872 polos.

243 3903 314 3966 Jarn
336 3899 411 3965 vero
433 3889 604 3963 astrononli
623 3896 718 3985 aliqui
732 3898 765 3960 in
779 3896 970 3985 longinquas
984 3898 1129 3984 regiones
1143 3894 1185 3960 ad
1198 3896 1428 3961 observationas
1442 3916 1492 3958 as·

203 4010 390 4073 tronomicas
414 4006 570 4071 faciendas
591 4006 688 4083 missi,
712 4005 918 4071 observarunt
940 4004 1024 4093 quod
1046 4004 1211 4092 horologia
1228 4005 1416 4069 oscillatoria
1429 4018 1494 4069 tar·

202 4115 272 4181 diris
302 4130 501 4181 moverentur
529 4139 630 4202 prope
655 4127 847 4202 oequatorem
875 4114 971 4202 quim
995 4117 1029 4178 in
1057 4115 1238 4202 regionibus
1266 4116 1393 4179 nostris.
1450 4113 1495 4177 Et

205 4224 308 4309 primo
330 4224 457 4310 quidem
478 4226 523 4291 D.
542 4224 659 4291 Richer
679 4224 742 4288 hoo
759 4225 936 4289 observavit
949 4248 1033 4290 anno
1051 4232 1143 4293 1672.
1158 4226 1192 4287 in
1206 4224 1307 4289 insulsi
1325 4225 1495 4310 Cayennoe.

154 4312 159 4334 ’
202 4331 286 4396 Nam
301 4331 377 4395 dlun
392 4333 571 4397 observaret
585 4332 749 4397 transitum
764 4330 900 4397 fixarum
913 4354 973 4417 per
989 4332 1198 4397 meridianum
1211 4354 1321 4396 mensa
1335 4334 1495 4419 Augusto,

202 4440 317 4523 reperit
331 4439 530 4527 horologium
544 4460 636 4504 suum
646 4439 765 4505 tardius
774 4440 894 4503 moveri
904 4436 1000 4527 quim
1008 4461 1074 4524 pro
1087 4439 1193 4503 medio
1205 4452 1295 4503 motu
1311 4438 1403 4515 solis,
1413 4438 1497 4501 exis-

202 4662 225 4796 's
235 4654 301 4769 (Ψ
317 4660 483 4783 171110νεῖ311
503 4660 583 4707 Tmo.
620 4656 652 4705 111
668 4670 697 4705 eo
711 4656 828 4719 siquidem
843 4670 900 4704 casu
918 4655 995 4703 minui
1009 4656 1176 4704 diametrorum
1186 4654 1343 4704 differentiam
1353 4653 1499 4703 ostentl’mm

219 4738 242 4769 rn
282 4736 405 4783 1011111100
458 4754 464 4769 .
