<?xml version="1.0" encoding="UTF-8"?>
<!DOCTYPE html PUBLIC "-//W3C//DTD XHTML 1.0 Transitional//EN"
    "http://www.w3.org/TR/xhtml1/DTD/xhtml1-transitional.dtd">
<html xmlns="http://www.w3.org/1999/xhtml" xml:lang="en" lang="en">
 <head>
  <title>
</title>
<meta http-equiv="Content-Type" content="text/html;charset=utf-8" />
  <meta name='ocr-system' content='tesseract 3.04.00' />
  <meta name='ocr-capabilities' content='ocr_page ocr_carea ocr_par ocr_line ocrx_word'/>
</head>
<body>
  <div class='ocr_page' id='page_1' title='image "./philosophinatur01wriggoog_0025.png"; bbox 0 0 3284 5517; ppageno 0'>
   <div class='ocr_carea' id='block_1_1' title="bbox 208 398 1507 485">
    <p class='ocr_par' dir='ltr' id='par_1_1' title="bbox 208 398 1507 485">
     <span class='ocr_line' id='line_1_1' title="bbox 208 398 1507 485; baseline 0.002 -20"><span class='ocrx_word' id='word_1_1' title='bbox 208 399 280 465; x_wconf 75' lang='lat' dir='ltr'><strong>‘xri</strong></span> <span class='ocrx_word' id='word_1_2' title='bbox 700 398 1036 470; x_wconf 80' lang='lat' dir='ltr'>INTRODUCTIO</span> <span class='ocrx_word' id='word_1_3' title='bbox 1362 398 1465 485; x_wconf 77' lang='lat' dir='ltr'><strong>[css.</strong></span> <span class='ocrx_word' id='word_1_4' title='bbox 1481 400 1507 469; x_wconf 89' lang='lat' dir='ltr'><strong>i.</strong></span> 
     </span>
    </p>
   </div>
   <div class='ocr_carea' id='block_1_2' title="bbox 222 569 1562 1631">
    <p class='ocr_par' dir='ltr' id='par_1_2' title="bbox 222 569 1562 1631">
     <span class='ocr_line' id='line_1_2' title="bbox 271 569 1508 662; baseline 0.003 -27"><span class='ocrx_word' id='word_1_5' title='bbox 271 578 322 636; x_wconf 81' lang='lat' dir='ltr'><strong>ts.</strong></span> <span class='ocrx_word' id='word_1_6' title='bbox 346 569 382 636; x_wconf 83' lang='lat' dir='ltr'><strong>Si</strong></span> <span class='ocrx_word' id='word_1_7' title='bbox 403 570 541 657; x_wconf 80' lang='lat' dir='ltr'><strong>quotidie</strong></span> <span class='ocrx_word' id='word_1_8' title='bbox 562 572 745 640; x_wconf 69' lang='lat' dir='ltr'><strong>observetur</strong></span> <span class='ocrx_word' id='word_1_9' title='bbox 757 575 931 641; x_wconf 75' lang='lat' dir='ltr'><strong>meridiane</strong></span> <span class='ocrx_word' id='word_1_10' title='bbox 945 575 1028 641; x_wconf 86' lang='lat' dir='ltr'><strong>Solis</strong></span> <span class='ocrx_word' id='word_1_11' title='bbox 1041 570 1182 653; x_wconf 84' lang='lat' dir='ltr'><strong>altitudo,</strong></span> <span class='ocrx_word' id='word_1_12' title='bbox 1197 570 1292 662; x_wconf 67' lang='lat' dir='ltr'><strong>utqui</strong></span> <span class='ocrx_word' id='word_1_13' title='bbox 1305 572 1380 639; x_wconf 74' lang='lat' dir='ltr'><strong>inde</strong></span> <span class='ocrx_word' id='word_1_14' title='bbox 1393 596 1508 640; x_wconf 85' lang='lat' dir='ltr'><strong>eman·</strong></span> 
     </span>
     <span class='ocr_line' id='line_1_3' title="bbox 224 676 1508 771; baseline 0.002 -28"><span class='ocrx_word' id='word_1_15' title='bbox 224 690 276 743; x_wconf 87' lang='lat' dir='ltr'><strong>tur</strong></span> <span class='ocrx_word' id='word_1_16' title='bbox 291 678 388 763; x_wconf 88' lang='lat' dir='ltr'><strong>ipsius</strong></span> <span class='ocrx_word' id='word_1_17' title='bbox 401 678 578 759; x_wconf 81' lang='lat' dir='ltr'><strong>declinatio,</strong></span> <span class='ocrx_word' id='word_1_18' title='bbox 592 682 731 748; x_wconf 85' lang='lat' dir='ltr'><strong>ascensio</strong></span> <span class='ocrx_word' id='word_1_19' title='bbox 745 696 832 749; x_wconf 80' lang='lat' dir='ltr'><strong>rests</strong></span> <span class='ocrx_word' id='word_1_20' title='bbox 845 696 879 748; x_wconf 88' lang='lat' dir='ltr'><strong>et</strong></span> <span class='ocrx_word' id='word_1_21' title='bbox 890 682 1065 771; x_wconf 78' lang='lat' dir='ltr'>longitudo,</span> <span class='ocrx_word' id='word_1_22' title='bbox 1086 676 1245 747; x_wconf 69' lang='lat' dir='ltr'><strong>dabuntur</strong></span> <span class='ocrx_word' id='word_1_23' title='bbox 1258 694 1362 747; x_wconf 90' lang='lat' dir='ltr'><strong>motos</strong></span> <span class='ocrx_word' id='word_1_24' title='bbox 1378 677 1460 748; x_wconf 89' lang='lat' dir='ltr'><strong>Solis</strong></span> <span class='ocrx_word' id='word_1_25' title='bbox 1474 684 1508 746; x_wconf 90' lang='lat' dir='ltr'><strong>in</strong></span> 
     </span>
     <span class='ocr_line' id='line_1_4' title="bbox 226 784 1508 876; baseline 0.004 -27"><span class='ocrx_word' id='word_1_26' title='bbox 226 784 377 871; x_wconf 46' lang='lat' dir='ltr'><strong>eclipdass</strong></span> <span class='ocrx_word' id='word_1_27' title='bbox 397 798 502 851; x_wconf 72' lang='lat' dir='ltr'><strong>neotus</strong></span> <span class='ocrx_word' id='word_1_28' title='bbox 514 790 624 873; x_wconf 82' lang='lat' dir='ltr'><strong>ptmcti</strong></span> <span class='ocrx_word' id='word_1_29' title='bbox 645 790 861 855; x_wconf 67' lang='lat' dir='ltr'><strong>declinationis</strong></span> <span class='ocrx_word' id='word_1_30' title='bbox 884 790 919 853; x_wconf 90' lang='lat' dir='ltr'><strong>in</strong></span> <span class='ocrx_word' id='word_1_31' title='bbox 943 800 1102 876; x_wconf 79' lang='lat' dir='ltr'><strong>aequstore</strong></span> <span class='ocrx_word' id='word_1_32' title='bbox 1121 800 1156 854; x_wconf 85' lang='lat' dir='ltr'><strong>et</strong></span> <span class='ocrx_word' id='word_1_33' title='bbox 1174 789 1325 874; x_wconf 87' lang='lat' dir='ltr'><strong>temporis</strong></span> <span class='ocrx_word' id='word_1_34' title='bbox 1348 800 1508 854; x_wconf 70' lang='lat' dir='ltr'><strong>momenta</strong></span> 
     </span>
     <span class='ocr_line' id='line_1_5' title="bbox 225 890 1507 984; baseline 0.001 -24"><span class='ocrx_word' id='word_1_35' title='bbox 225 896 338 983; x_wconf 82' lang='lat' dir='ltr'><strong>qnibrn</strong></span> <span class='ocrx_word' id='word_1_36' title='bbox 352 896 518 962; x_wconf 76' lang='lat' dir='ltr'><strong>declinatio</strong></span> <span class='ocrx_word' id='word_1_37' title='bbox 531 898 581 963; x_wconf 84' lang='lat' dir='ltr'><strong>vel</strong></span> <span class='ocrx_word' id='word_1_38' title='bbox 594 900 682 965; x_wconf 86' lang='lat' dir='ltr'><strong>nulla</strong></span> <span class='ocrx_word' id='word_1_39' title='bbox 694 912 742 965; x_wconf 81' lang='lat' dir='ltr'><strong>est</strong></span> <span class='ocrx_word' id='word_1_40' title='bbox 754 900 805 965; x_wconf 82' lang='lat' dir='ltr'><strong>vel</strong></span> <span class='ocrx_word' id='word_1_41' title='bbox 820 900 966 978; x_wconf 76' lang='lat' dir='ltr'><strong>maxima,</strong></span> <span class='ocrx_word' id='word_1_42' title='bbox 989 920 1045 964; x_wconf 86' lang='lat' dir='ltr'><strong>seu</strong></span> <span class='ocrx_word' id='word_1_43' title='bbox 1065 890 1224 963; x_wconf 71' lang='lat' dir='ltr'><strong>dabuntur</strong></span> <span class='ocrx_word' id='word_1_44' title='bbox 1249 896 1507 984; x_wconf 77' lang='lat' dir='ltr'><strong>oeqriiuoctiorum</strong></span> 
     </span>
     <span class='ocr_line' id='line_1_6' title="bbox 225 1000 1508 1097; baseline 0.002 -31"><span class='ocrx_word' id='word_1_45' title='bbox 225 1014 258 1067; x_wconf 91' lang='lat' dir='ltr'><strong>et</strong></span> <span class='ocrx_word' id='word_1_46' title='bbox 277 1000 479 1097; x_wconf 83' lang='lat' dir='ltr'><strong>solstitiorum</strong></span> <span class='ocrx_word' id='word_1_47' title='bbox 498 1018 658 1073; x_wconf 69' lang='lat' dir='ltr'><strong>mtunutta</strong></span> <span class='ocrx_word' id='word_1_48' title='bbox 679 1008 737 1095; x_wconf 77' lang='lat' dir='ltr'><strong>(t).</strong></span> <span class='ocrx_word' id='word_1_49' title='bbox 794 1006 899 1073; x_wconf 77' lang='lat' dir='ltr'><strong>Porro</strong></span> <span class='ocrx_word' id='word_1_50' title='bbox 910 1008 1110 1071; x_wconf 76' lang='lat' dir='ltr'><strong>observatum</strong></span> <span class='ocrx_word' id='word_1_51' title='bbox 1131 1016 1179 1070; x_wconf 90' lang='lat' dir='ltr'><strong>est</strong></span> <span class='ocrx_word' id='word_1_52' title='bbox 1197 1025 1257 1070; x_wconf 91' lang='lat' dir='ltr'><strong>nec</strong></span> <span class='ocrx_word' id='word_1_53' title='bbox 1279 1005 1508 1093; x_wconf 75' lang='lat' dir='ltr'><strong>longitudinem</strong></span> 
     </span>
     <span class='ocr_line' id='line_1_7' title="bbox 224 1113 1507 1200; baseline 0.002 -24"><span class='ocrx_word' id='word_1_54' title='bbox 224 1133 283 1176; x_wconf 90' lang='lat' dir='ltr'><strong>nec</strong></span> <span class='ocrx_word' id='word_1_55' title='bbox 297 1114 509 1179; x_wconf 77' lang='lat' dir='ltr'>ascensionem</span> <span class='ocrx_word' id='word_1_56' title='bbox 523 1128 640 1181; x_wconf 84' lang='lat' dir='ltr'><strong>rectem</strong></span> <span class='ocrx_word' id='word_1_57' title='bbox 657 1116 738 1184; x_wconf 85' lang='lat' dir='ltr'><strong>Solis</strong></span> <span class='ocrx_word' id='word_1_58' title='bbox 754 1116 950 1181; x_wconf 75' lang='lat' dir='ltr'>uniformiter</span> <span class='ocrx_word' id='word_1_59' title='bbox 964 1136 1103 1180; x_wconf 86' lang='lat' dir='ltr'><strong>crescere</strong></span> <span class='ocrx_word' id='word_1_60' title='bbox 1117 1125 1149 1179; x_wconf 90' lang='lat' dir='ltr'><strong>et</strong></span> <span class='ocrx_word' id='word_1_61' title='bbox 1162 1113 1295 1200; x_wconf 71' lang='lat' dir='ltr'><strong>proinde</strong></span> <span class='ocrx_word' id='word_1_62' title='bbox 1310 1114 1377 1178; x_wconf 88' lang='lat' dir='ltr'><strong>dies</strong></span> <span class='ocrx_word' id='word_1_63' title='bbox 1391 1114 1507 1178; x_wconf 72' lang='lat' dir='ltr'><strong>solatus</strong></span> 
     </span>
     <span class='ocr_line' id='line_1_8' title="bbox 224 1219 1507 1307; baseline 0.001 -24"><span class='ocrx_word' id='word_1_64' title='bbox 224 1240 293 1283; x_wconf 89' lang='lat' dir='ltr'><strong>esse</strong></span> <span class='ocrx_word' id='word_1_65' title='bbox 313 1220 489 1307; x_wconf 67' lang='lat' dir='ltr'><strong>inequales.</strong></span> <span class='ocrx_word' id='word_1_66' title='bbox 535 1222 618 1287; x_wconf 83' lang='lat' dir='ltr'><strong>Nem</strong></span> <span class='ocrx_word' id='word_1_67' title='bbox 640 1222 707 1287; x_wconf 86' lang='lat' dir='ltr'><strong>dics</strong></span> <span class='ocrx_word' id='word_1_68' title='bbox 730 1222 840 1287; x_wconf 85' lang='lat' dir='ltr'><strong>solaris</strong></span> <span class='ocrx_word' id='word_1_69' title='bbox 858 1236 908 1287; x_wconf 86' lang='lat' dir='ltr'><strong>est</strong></span> <span class='ocrx_word' id='word_1_70' title='bbox 923 1234 1049 1307; x_wconf 71' lang='lat' dir='ltr'><strong>tenpus</strong></span> <span class='ocrx_word' id='word_1_71' title='bbox 1064 1220 1156 1285; x_wconf 77' lang='lat' dir='ltr'><strong>mains</strong></span> <span class='ocrx_word' id='word_1_72' title='bbox 1169 1220 1370 1287; x_wconf 80' lang='lat' dir='ltr'><strong>revolutionis</strong></span> <span class='ocrx_word' id='word_1_73' title='bbox 1384 1219 1507 1284; x_wconf 82' lang='lat' dir='ltr'><strong>diurnoe</strong></span> 
     </span>
     <span class='ocr_line' id='line_1_9' title="bbox 225 1328 1508 1415; baseline -0.002 -21"><span class='ocrx_word' id='word_1_74' title='bbox 225 1328 307 1395; x_wconf 86' lang='lat' dir='ltr'><strong>Solis</strong></span> <span class='ocrx_word' id='word_1_75' title='bbox 332 1354 351 1395; x_wconf 90' lang='lat' dir='ltr'><strong>a</strong></span> <span class='ocrx_word' id='word_1_76' title='bbox 376 1332 550 1397; x_wconf 84' lang='lat' dir='ltr'><strong>meridiano</strong></span> <span class='ocrx_word' id='word_1_77' title='bbox 566 1333 608 1398; x_wconf 85' lang='lat' dir='ltr'><strong>sd</strong></span> <span class='ocrx_word' id='word_1_78' title='bbox 628 1333 763 1399; x_wconf 88' lang='lat' dir='ltr'><strong>eundem</strong></span> <span class='ocrx_word' id='word_1_79' title='bbox 781 1330 1005 1409; x_wconf 69' lang='lat' dir='ltr'><strong>meridianum</strong></span> <span class='ocrx_word' id='word_1_80' title='bbox 1026 1331 1096 1395; x_wconf 82' lang='lat' dir='ltr'><strong>dits</strong></span> <span class='ocrx_word' id='word_1_81' title='bbox 1110 1330 1249 1396; x_wconf 82' lang='lat' dir='ltr'><strong>sidereus</strong></span> <span class='ocrx_word' id='word_1_82' title='bbox 1264 1351 1319 1393; x_wconf 88' lang='lat' dir='ltr'><strong>seu</strong></span> <span class='ocrx_word' id='word_1_83' title='bbox 1332 1328 1427 1415; x_wconf 80' lang='lat' dir='ltr'><strong>primi</strong></span> <span class='ocrx_word' id='word_1_84' title='bbox 1439 1350 1508 1393; x_wconf 79' lang='lat' dir='ltr'><strong>mo·</strong></span> 
     </span>
     <span class='ocr_line' id='line_1_10' title="bbox 222 1432 1508 1525; baseline 0 -24"><span class='ocrx_word' id='word_1_85' title='bbox 222 1434 295 1502; x_wconf 88' lang='lat' dir='ltr'><strong>bilis</strong></span> <span class='ocrx_word' id='word_1_86' title='bbox 321 1440 388 1525; x_wconf 89' lang='lat' dir='ltr'><strong>(qui</strong></span> <span class='ocrx_word' id='word_1_87' title='bbox 414 1463 536 1525; x_wconf 88' lang='lat' dir='ltr'><strong>semper</strong></span> <span class='ocrx_word' id='word_1_88' title='bbox 559 1440 643 1504; x_wconf 88' lang='lat' dir='ltr'><strong>idem</strong></span> <span class='ocrx_word' id='word_1_89' title='bbox 668 1440 785 1521; x_wconf 79' lang='lat' dir='ltr'><strong>mmet)</strong></span> <span class='ocrx_word' id='word_1_90' title='bbox 810 1449 857 1503; x_wconf 85' lang='lat' dir='ltr'><strong>est</strong></span> <span class='ocrx_word' id='word_1_91' title='bbox 881 1452 1006 1523; x_wconf 84' lang='lat' dir='ltr'><strong>tempus</strong></span> <span class='ocrx_word' id='word_1_92' title='bbox 1031 1432 1233 1501; x_wconf 72' lang='lat' dir='ltr'><strong>revolutionis</strong></span> <span class='ocrx_word' id='word_1_93' title='bbox 1261 1434 1385 1499; x_wconf 83' lang='lat' dir='ltr'><strong>diurnre</strong></span> <span class='ocrx_word' id='word_1_94' title='bbox 1409 1436 1508 1501; x_wconf 80' lang='lat' dir='ltr'><strong>stellae</strong></span> 
     </span>
     <span class='ocr_line' id='line_1_11' title="bbox 223 1531 1562 1631; baseline 0.001 -24"><span class='ocrx_word' id='word_1_95' title='bbox 223 1541 298 1607; x_wconf 84' lang='lat' dir='ltr'><strong>fixae</strong></span> <span class='ocrx_word' id='word_1_96' title='bbox 323 1566 343 1608; x_wconf 86' lang='lat' dir='ltr'><strong>e</strong></span> <span class='ocrx_word' id='word_1_97' title='bbox 363 1546 536 1609; x_wconf 85' lang='lat' dir='ltr'><strong>meridiano</strong></span> <span class='ocrx_word' id='word_1_98' title='bbox 560 1546 601 1611; x_wconf 78' lang='lat' dir='ltr'><strong>ad</strong></span> <span class='ocrx_word' id='word_1_99' title='bbox 622 1547 777 1631; x_wconf 84' lang='lat' dir='ltr'><strong>eumdem.</strong></span> <span class='ocrx_word' id='word_1_100' title='bbox 823 1545 921 1611; x_wconf 68' lang='lat' dir='ltr'><strong>Unde</strong></span> <span class='ocrx_word' id='word_1_101' title='bbox 933 1539 1007 1609; x_wconf 79' lang='lat' dir='ltr'><strong>edm</strong></span> <span class='ocrx_word' id='word_1_102' title='bbox 1021 1544 1078 1609; x_wconf 84' lang='lat' dir='ltr'><strong>Sol</strong></span> <span class='ocrx_word' id='word_1_103' title='bbox 1089 1555 1178 1608; x_wconf 88' lang='lat' dir='ltr'><strong>motu</strong></span> <span class='ocrx_word' id='word_1_104' title='bbox 1192 1542 1325 1628; x_wconf 90' lang='lat' dir='ltr'><strong>proprio</strong></span> <span class='ocrx_word' id='word_1_105' title='bbox 1339 1542 1380 1606; x_wconf 87' lang='lat' dir='ltr'><strong>ab</strong></span> <span class='ocrx_word' id='word_1_106' title='bbox 1394 1562 1509 1609; x_wconf 85' lang='lat' dir='ltr'><strong>occasu</strong></span> <span class='ocrx_word' id='word_1_107' title='bbox 1558 1531 1562 1536; x_wconf 51' lang='grc'>’</span> 
     </span>
    </p>
   </div>
   <div class='ocr_carea' id='block_1_3' title="bbox 202 1652 1614 1733">
    <p class='ocr_par' dir='ltr' id='par_1_3' title="bbox 202 1652 1614 1733">
     <span class='ocr_line' id='line_1_12' title="bbox 202 1652 1614 1733; baseline 0.001 -18"><span class='ocrx_word' id='word_1_108' title='bbox 202 1676 204 1679; x_wconf 95' lang='grc'><strong><em>·</em></strong></span> <span class='ocrx_word' id='word_1_109' title='bbox 223 1652 256 1715; x_wconf 89' lang='lat' dir='ltr'><strong>in</strong></span> <span class='ocrx_word' id='word_1_110' title='bbox 271 1662 376 1717; x_wconf 88' lang='lat' dir='ltr'><strong>ortum</strong></span> <span class='ocrx_word' id='word_1_111' title='bbox 390 1652 515 1733; x_wconf 79' lang='lat' dir='ltr'><strong>feramr,</strong></span> <span class='ocrx_word' id='word_1_112' title='bbox 533 1654 559 1719; x_wconf 88' lang='lat' dir='ltr'><strong>si</strong></span> <span class='ocrx_word' id='word_1_113' title='bbox 573 1656 662 1719; x_wconf 85' lang='lat' dir='ltr'><strong>stella</strong></span> <span class='ocrx_word' id='word_1_114' title='bbox 676 1654 741 1720; x_wconf 83' lang='lat' dir='ltr'><strong>fixa</strong></span> <span class='ocrx_word' id='word_1_115' title='bbox 756 1667 787 1720; x_wconf 91' lang='lat' dir='ltr'><strong>et</strong></span> <span class='ocrx_word' id='word_1_116' title='bbox 804 1655 860 1719; x_wconf 88' lang='lat' dir='ltr'><strong>Sol</strong></span> <span class='ocrx_word' id='word_1_117' title='bbox 872 1656 907 1718; x_wconf 93' lang='lat' dir='ltr'><strong>in</strong></span> <span class='ocrx_word' id='word_1_118' title='bbox 921 1654 1033 1719; x_wconf 58' lang='lat' dir='ltr'><strong>mem</strong></span> <span class='ocrx_word' id='word_1_119' title='bbox 1045 1653 1219 1718; x_wconf 83' lang='lat' dir='ltr'><strong>meridiano</strong></span> <span class='ocrx_word' id='word_1_120' title='bbox 1233 1652 1326 1717; x_wconf 75' lang='lat' dir='ltr'><strong>simtd</strong></span> <span class='ocrx_word' id='word_1_121' title='bbox 1339 1653 1509 1718; x_wconf 79' lang='lat' dir='ltr'><strong>observen-</strong></span> <span class='ocrx_word' id='word_1_122' title='bbox 1613 1671 1614 1674; x_wconf 73' lang='grc'>’</span> 
     </span>
    </p>
   </div>
   <div class='ocr_carea' id='block_1_4' title="bbox 220 1760 1509 2387">
    <p class='ocr_par' dir='ltr' id='par_1_4' title="bbox 220 1760 1509 2387">
     <span class='ocr_line' id='line_1_13' title="bbox 222 1760 1509 1849; baseline -0.001 -23"><span class='ocrx_word' id='word_1_123' title='bbox 222 1772 285 1839; x_wconf 84' lang='lat' dir='ltr'><strong>tur,</strong></span> <span class='ocrx_word' id='word_1_124' title='bbox 302 1760 391 1827; x_wconf 88' lang='lat' dir='ltr'><strong>stella</strong></span> <span class='ocrx_word' id='word_1_125' title='bbox 411 1762 453 1827; x_wconf 86' lang='lat' dir='ltr'><strong>ad</strong></span> <span class='ocrx_word' id='word_1_126' title='bbox 472 1764 617 1827; x_wconf 87' lang='lat' dir='ltr'><strong>eumdem</strong></span> <span class='ocrx_word' id='word_1_127' title='bbox 631 1764 838 1828; x_wconf 84' lang='lat' dir='ltr'><strong>meridianum</strong></span> <span class='ocrx_word' id='word_1_128' title='bbox 849 1762 940 1847; x_wconf 76' lang='lat' dir='ltr'><strong>priris</strong></span> <span class='ocrx_word' id='word_1_129' title='bbox 954 1762 1070 1827; x_wconf 78' lang='lat' dir='ltr'><strong>redibit</strong></span> <span class='ocrx_word' id='word_1_130' title='bbox 1082 1784 1177 1849; x_wconf 89' lang='lat' dir='ltr'><strong>quam</strong></span> <span class='ocrx_word' id='word_1_131' title='bbox 1193 1762 1249 1827; x_wconf 89' lang='lat' dir='ltr'><strong>Sol</strong></span> <span class='ocrx_word' id='word_1_132' title='bbox 1264 1762 1318 1848; x_wconf 89' lang='lat' dir='ltr'><strong>qui</strong></span> <span class='ocrx_word' id='word_1_133' title='bbox 1330 1772 1419 1826; x_wconf 90' lang='lat' dir='ltr'><strong>motu</strong></span> <span class='ocrx_word' id='word_1_134' title='bbox 1432 1780 1509 1845; x_wconf 88' lang='lat' dir='ltr'><strong>pro·</strong></span> 
     </span>
     <span class='ocr_line' id='line_1_14' title="bbox 221 1866 1509 1952; baseline -0.002 -19"><span class='ocrx_word' id='word_1_135' title='bbox 221 1869 294 1952; x_wconf 91' lang='lat' dir='ltr'><strong>prio</strong></span> <span class='ocrx_word' id='word_1_136' title='bbox 319 1866 426 1934; x_wconf 78' lang='lat' dir='ltr'><strong>versis</strong></span> <span class='ocrx_word' id='word_1_137' title='bbox 450 1870 603 1935; x_wconf 86' lang='lat' dir='ltr'><strong>orientem</strong></span> <span class='ocrx_word' id='word_1_138' title='bbox 627 1871 737 1936; x_wconf 85' lang='lat' dir='ltr'><strong>tendit</strong></span> <span class='ocrx_word' id='word_1_139' title='bbox 783 1872 933 1935; x_wconf 77' lang='lat' dir='ltr'><strong>Attamen</strong></span> <span class='ocrx_word' id='word_1_140' title='bbox 953 1870 979 1933; x_wconf 92' lang='lat' dir='ltr'><strong>si</strong></span> <span class='ocrx_word' id='word_1_141' title='bbox 1000 1870 1140 1933; x_wconf 77' lang='lat' dir='ltr'><strong>ascensio</strong></span> <span class='ocrx_word' id='word_1_142' title='bbox 1154 1880 1239 1933; x_wconf 87' lang='lat' dir='ltr'><strong>recta</strong></span> <span class='ocrx_word' id='word_1_143' title='bbox 1259 1867 1342 1932; x_wconf 86' lang='lat' dir='ltr'><strong>Solis</strong></span> <span class='ocrx_word' id='word_1_144' title='bbox 1355 1867 1509 1951; x_wconf 76' lang='lat' dir='ltr'><strong>exipsius</strong></span> 
     </span>
     <span class='ocr_line' id='line_1_15' title="bbox 220 1972 1509 2063; baseline -0.001 -24"><span class='ocrx_word' id='word_1_145' title='bbox 220 1986 310 2041; x_wconf 89' lang='lat' dir='ltr'><strong>motu</strong></span> <span class='ocrx_word' id='word_1_146' title='bbox 323 1974 453 2061; x_wconf 85' lang='lat' dir='ltr'><strong>proprio</strong></span> <span class='ocrx_word' id='word_1_147' title='bbox 473 1976 507 2039; x_wconf 92' lang='lat' dir='ltr'><strong>in</strong></span> <span class='ocrx_word' id='word_1_148' title='bbox 528 1976 669 2063; x_wconf 74' lang='lat' dir='ltr'><strong>ecliptici</strong></span> <span class='ocrx_word' id='word_1_149' title='bbox 684 1974 879 2040; x_wconf 77' lang='lat' dir='ltr'><strong>uniformiter</strong></span> <span class='ocrx_word' id='word_1_150' title='bbox 893 1988 1055 2054; x_wconf 83' lang='lat' dir='ltr'><strong>cresceret,</strong></span> <span class='ocrx_word' id='word_1_151' title='bbox 1076 1974 1144 2039; x_wconf 91' lang='lat' dir='ltr'><strong>dies</strong></span> <span class='ocrx_word' id='word_1_152' title='bbox 1166 1974 1291 2052; x_wconf 82' lang='lat' dir='ltr'><strong>solares,</strong></span> <span class='ocrx_word' id='word_1_153' title='bbox 1310 1972 1384 2038; x_wconf 88' lang='lat' dir='ltr'><strong>licet</strong></span> <span class='ocrx_word' id='word_1_154' title='bbox 1396 1972 1509 2039; x_wconf 82' lang='lat' dir='ltr'><strong>diebus</strong></span> 
     </span>
     <span class='ocr_line' id='line_1_16' title="bbox 221 2082 1509 2173; baseline 0.002 -26"><span class='ocrx_word' id='word_1_155' title='bbox 221 2082 351 2147; x_wconf 83' lang='lat' dir='ltr'><strong>sidereis</strong></span> <span class='ocrx_word' id='word_1_156' title='bbox 376 2082 544 2173; x_wconf 84' lang='lat' dir='ltr'><strong>longiores,</strong></span> <span class='ocrx_word' id='word_1_157' title='bbox 569 2096 673 2149; x_wconf 87' lang='lat' dir='ltr'><strong>essent</strong></span> <span class='ocrx_word' id='word_1_158' title='bbox 696 2096 801 2149; x_wconf 89' lang='lat' dir='ltr'><strong>tamen</strong></span> <span class='ocrx_word' id='word_1_159' title='bbox 825 2082 908 2149; x_wconf 84' lang='lat' dir='ltr'><strong>inter</strong></span> <span class='ocrx_word' id='word_1_160' title='bbox 930 2106 964 2149; x_wconf 89' lang='lat' dir='ltr'><strong>se</strong></span> <span class='ocrx_word' id='word_1_161' title='bbox 993 2084 1149 2171; x_wconf 80' lang='lat' dir='ltr'><strong>aequales3</strong></span> <span class='ocrx_word' id='word_1_162' title='bbox 1185 2082 1294 2160; x_wconf 69' lang='lat' dir='ltr'><strong>Quare</strong></span> <span class='ocrx_word' id='word_1_163' title='bbox 1323 2082 1395 2148; x_wconf 74' lang='lat' dir='ltr'><strong>ciba</strong></span> <span class='ocrx_word' id='word_1_164' title='bbox 1425 2082 1509 2149; x_wconf 84' lang='lat' dir='ltr'><strong>Solis</strong></span> 
     </span>
     <span class='ocr_line' id='line_1_17' title="bbox 221 2192 1509 2282; baseline -0.003 -23"><span class='ocrx_word' id='word_1_165' title='bbox 221 2192 362 2259; x_wconf 81' lang='lat' dir='ltr'><strong>escensio</strong></span> <span class='ocrx_word' id='word_1_166' title='bbox 377 2204 462 2257; x_wconf 84' lang='lat' dir='ltr'><strong>recta</strong></span> <span class='ocrx_word' id='word_1_167' title='bbox 476 2215 541 2257; x_wconf 92' lang='lat' dir='ltr'><strong>non</strong></span> <span class='ocrx_word' id='word_1_168' title='bbox 555 2205 705 2282; x_wconf 82' lang='lat' dir='ltr'><strong>augeamr</strong></span> <span class='ocrx_word' id='word_1_169' title='bbox 719 2194 922 2271; x_wconf 87' lang='lat' dir='ltr'><strong>uniformiter,</strong></span> <span class='ocrx_word' id='word_1_170' title='bbox 941 2213 1069 2257; x_wconf 87' lang='lat' dir='ltr'><strong>necesse</strong></span> <span class='ocrx_word' id='word_1_171' title='bbox 1089 2204 1138 2257; x_wconf 88' lang='lat' dir='ltr'><strong>est</strong></span> <span class='ocrx_word' id='word_1_172' title='bbox 1157 2204 1193 2256; x_wconf 90' lang='lat' dir='ltr'><strong>nt</strong></span> <span class='ocrx_word' id='word_1_173' title='bbox 1211 2193 1279 2256; x_wconf 88' lang='lat' dir='ltr'><strong>dies</strong></span> <span class='ocrx_word' id='word_1_174' title='bbox 1302 2192 1416 2256; x_wconf 82' lang='lat' dir='ltr'><strong>solares</strong></span> <span class='ocrx_word' id='word_1_175' title='bbox 1430 2194 1509 2255; x_wconf 72' lang='lat' dir='ltr'><strong>inae·</strong></span> 
     </span>
     <span class='ocr_line' id='line_1_18' title="bbox 221 2298 1509 2387; baseline 0 -24"><span class='ocrx_word' id='word_1_176' title='bbox 221 2299 329 2387; x_wconf 74' lang='lat' dir='ltr'><strong>quales</strong></span> <span class='ocrx_word' id='word_1_177' title='bbox 351 2300 422 2365; x_wconf 85' lang='lat' dir='ltr'><strong>sint</strong></span> <span class='ocrx_word' id='word_1_178' title='bbox 472 2300 573 2366; x_wconf 87' lang='lat' dir='ltr'><strong>Simili</strong></span> <span class='ocrx_word' id='word_1_179' title='bbox 594 2300 692 2365; x_wconf 91' lang='lat' dir='ltr'><strong>modo</strong></span> <span class='ocrx_word' id='word_1_180' title='bbox 712 2298 832 2364; x_wconf 88' lang='lat' dir='ltr'><strong>collatis</strong></span> <span class='ocrx_word' id='word_1_181' title='bbox 846 2298 929 2364; x_wconf 83' lang='lat' dir='ltr'><strong>inter</strong></span> <span class='ocrx_word' id='word_1_182' title='bbox 942 2320 1010 2364; x_wconf 86' lang='lat' dir='ltr'><strong>sese</strong></span> <span class='ocrx_word' id='word_1_183' title='bbox 1030 2300 1287 2385; x_wconf 69' lang='lat' dir='ltr'><strong>aequinoctiorum</strong></span> <span class='ocrx_word' id='word_1_184' title='bbox 1309 2311 1342 2362; x_wconf 88' lang='lat' dir='ltr'><strong>et</strong></span> <span class='ocrx_word' id='word_1_185' title='bbox 1362 2299 1509 2363; x_wconf 86' lang='lat' dir='ltr'><strong>solstitio·</strong></span> 
     </span>
    </p>
   </div>
   <div class='ocr_carea' id='block_1_5' title="bbox 86 2404 1509 2501">
    <p class='ocr_par' dir='ltr' id='par_1_5' title="bbox 86 2404 1509 2501">
     <span class='ocr_line' id='line_1_19' title="bbox 86 2404 1509 2501; baseline -0.002 -28"><span class='ocrx_word' id='word_1_186' title='bbox 86 2496 90 2501; x_wconf 27' lang='grc'>,</span> <span class='ocrx_word' id='word_1_187' title='bbox 222 2427 295 2473; x_wconf 90' lang='lat' dir='ltr'><strong>rum</strong></span> <span class='ocrx_word' id='word_1_188' title='bbox 317 2410 586 2475; x_wconf 81' lang='lat' dir='ltr'><strong>observationibus</strong></span> <span class='ocrx_word' id='word_1_189' title='bbox 610 2406 841 2495; x_wconf 86' lang='lat' dir='ltr'><strong>deprehensum</strong></span> <span class='ocrx_word' id='word_1_190' title='bbox 865 2419 914 2473; x_wconf 90' lang='lat' dir='ltr'><strong>est</strong></span> <span class='ocrx_word' id='word_1_191' title='bbox 938 2408 1044 2473; x_wconf 86' lang='lat' dir='ltr'><strong>Solem</strong></span> <span class='ocrx_word' id='word_1_192' title='bbox 1068 2408 1233 2472; x_wconf 83' lang='lat' dir='ltr'><strong>intervallo</strong></span> <span class='ocrx_word' id='word_1_193' title='bbox 1253 2416 1274 2473; x_wconf 81' lang='lat'>8</span> <span class='ocrx_word' id='word_1_194' title='bbox 1297 2404 1364 2471; x_wconf 75' lang='lat' dir='ltr'><strong>ferd</strong></span> <span class='ocrx_word' id='word_1_195' title='bbox 1385 2407 1509 2488; x_wconf 80' lang='lat' dir='ltr'><strong>dienrm</strong></span> 
     </span>
    </p>
   </div>
   <div class='ocr_carea' id='block_1_6' title="bbox 209 2514 1618 4665">
    <p class='ocr_par' dir='ltr' id='par_1_6' title="bbox 220 2514 1510 3254">
     <span class='ocr_line' id='line_1_20' title="bbox 222 2514 1508 2607; baseline 0 -26"><span class='ocrx_word' id='word_1_196' title='bbox 222 2515 339 2582; x_wconf 74' lang='lat' dir='ltr'><strong>diutius</strong></span> <span class='ocrx_word' id='word_1_197' title='bbox 354 2519 471 2583; x_wconf 83' lang='lat' dir='ltr'><strong>morari</strong></span> <span class='ocrx_word' id='word_1_198' title='bbox 484 2519 518 2582; x_wconf 93' lang='lat' dir='ltr'><strong>in</strong></span> <span class='ocrx_word' id='word_1_199' title='bbox 532 2518 628 2607; x_wconf 80' lang='lat' dir='ltr'><strong>signis</strong></span> <span class='ocrx_word' id='word_1_200' title='bbox 643 2518 820 2583; x_wconf 77' lang='lat' dir='ltr'><strong>borealibus</strong></span> <span class='ocrx_word' id='word_1_201' title='bbox 835 2537 930 2605; x_wconf 83' lang='lat' dir='ltr'><strong>quam</strong></span> <span class='ocrx_word' id='word_1_202' title='bbox 943 2516 978 2580; x_wconf 92' lang='lat' dir='ltr'><strong>in</strong></span> <span class='ocrx_word' id='word_1_203' title='bbox 992 2516 1088 2604; x_wconf 79' lang='lat' dir='ltr'><strong>signis</strong></span> <span class='ocrx_word' id='word_1_204' title='bbox 1102 2515 1288 2580; x_wconf 88' lang='lat' dir='ltr'><strong>sustralibus</strong></span> <span class='ocrx_word' id='word_1_205' title='bbox 1299 2539 1308 2592; x_wconf 84' lang='lat'><em>3</em></span> <span class='ocrx_word' id='word_1_206' title='bbox 1329 2536 1367 2579; x_wconf 83' lang='lat' dir='ltr'><strong>ac</strong></span> <span class='ocrx_word' id='word_1_207' title='bbox 1379 2514 1508 2581; x_wconf 82' lang='lat' dir='ltr'><strong>tandem</strong></span> 
     </span>
     <span class='ocr_line' id='line_1_21' title="bbox 221 2621 1509 2712; baseline -0.005 -21"><span class='ocrx_word' id='word_1_208' title='bbox 221 2626 432 2712; x_wconf 85' lang='lat' dir='ltr'><strong>comparando</strong></span> <span class='ocrx_word' id='word_1_209' title='bbox 454 2627 595 2712; x_wconf 88' lang='lat' dir='ltr'><strong>antiquas</strong></span> <span class='ocrx_word' id='word_1_210' title='bbox 617 2624 848 2690; x_wconf 81' lang='lat' dir='ltr'><strong>observationes</strong></span> <span class='ocrx_word' id='word_1_211' title='bbox 870 2624 911 2688; x_wconf 87' lang='lat' dir='ltr'><strong>ed</strong></span> <span class='ocrx_word' id='word_1_212' title='bbox 931 2621 1203 2688; x_wconf 87' lang='lat' dir='ltr'><strong>determinandum</strong></span> <span class='ocrx_word' id='word_1_213' title='bbox 1228 2634 1386 2685; x_wconf 82' lang='lat' dir='ltr'><strong>momenta</strong></span> <span class='ocrx_word' id='word_1_214' title='bbox 1408 2624 1509 2709; x_wconf 80' lang='lat' dir='ltr'><strong>aequi·</strong></span> 
     </span>
     <span class='ocr_line' id='line_1_22' title="bbox 220 2730 1508 2819; baseline 0 -22"><span class='ocrx_word' id='word_1_215' title='bbox 220 2734 398 2797; x_wconf 88' lang='lat' dir='ltr'><strong>noctiorum</strong></span> <span class='ocrx_word' id='word_1_216' title='bbox 416 2735 466 2799; x_wconf 88' lang='lat' dir='ltr'><strong>vel</strong></span> <span class='ocrx_word' id='word_1_217' title='bbox 487 2734 688 2819; x_wconf 86' lang='lat' dir='ltr'><strong>solstitiorum</strong></span> <span class='ocrx_word' id='word_1_218' title='bbox 703 2754 775 2798; x_wconf 89' lang='lat' dir='ltr'><strong>cum</strong></span> <span class='ocrx_word' id='word_1_219' title='bbox 793 2732 1029 2809; x_wconf 89' lang='lat' dir='ltr'><strong>recentioribus,</strong></span> <span class='ocrx_word' id='word_1_220' title='bbox 1052 2730 1182 2795; x_wconf 83' lang='lat' dir='ltr'><strong>delinita</strong></span> <span class='ocrx_word' id='word_1_221' title='bbox 1195 2742 1243 2795; x_wconf 89' lang='lat' dir='ltr'><strong>est</strong></span> <span class='ocrx_word' id='word_1_222' title='bbox 1256 2731 1411 2817; x_wconf 76' lang='lat' dir='ltr'><strong>quantitas</strong></span> <span class='ocrx_word' id='word_1_223' title='bbox 1433 2731 1508 2797; x_wconf 88' lang='lat' dir='ltr'><strong>anni</strong></span> 
     </span>
     <span class='ocr_line' id='line_1_23' title="bbox 221 2822 1509 2930; baseline 0.001 -25"><span class='ocrx_word' id='word_1_224' title='bbox 221 2842 542 2928; x_wconf 77' lang='lat' dir='ltr'><strong>aequinoctialis,-sivd</strong></span> <span class='ocrx_word' id='word_1_225' title='bbox 563 2822 684 2929; x_wconf 80' lang='lat' dir='ltr'><strong>tempus</strong></span> <span class='ocrx_word' id='word_1_226' title='bbox 706 2864 770 2930; x_wconf 87' lang='lat' dir='ltr'><strong>quo</strong></span> <span class='ocrx_word' id='word_1_227' title='bbox 792 2842 849 2908; x_wconf 87' lang='lat' dir='ltr'><strong>Sol</strong></span> <span class='ocrx_word' id='word_1_228' title='bbox 867 2854 956 2906; x_wconf 90' lang='lat' dir='ltr'><strong>motu</strong></span> <span class='ocrx_word' id='word_1_229' title='bbox 979 2842 1110 2927; x_wconf 89' lang='lat' dir='ltr'><strong>proprio</strong></span> <span class='ocrx_word' id='word_1_230' title='bbox 1123 2840 1164 2905; x_wconf 90' lang='lat' dir='ltr'><strong>ab</strong></span> <span class='ocrx_word' id='word_1_231' title='bbox 1178 2861 1243 2904; x_wconf 90' lang='lat' dir='ltr'><strong>uno</strong></span> <span class='ocrx_word' id='word_1_232' title='bbox 1257 2842 1444 2928; x_wconf 78' lang='lat' dir='ltr'><strong>aeqnhsoctio</strong></span> <span class='ocrx_word' id='word_1_233' title='bbox 1466 2841 1509 2906; x_wconf 87' lang='lat' dir='ltr'><strong>ad</strong></span> 
     </span>
     <span class='ocr_line' id='line_1_24' title="bbox 220 2948 1510 3037; baseline 0.003 -26"><span class='ocrx_word' id='word_1_234' title='bbox 220 2948 305 3013; x_wconf 86' lang='lat' dir='ltr'><strong>idem</strong></span> <span class='ocrx_word' id='word_1_235' title='bbox 324 2949 555 3036; x_wconf 72' lang='lat' dir='ltr'><strong>aequinoctium,</strong></span> <span class='ocrx_word' id='word_1_236' title='bbox 572 2951 676 3016; x_wconf 83' lang='lat' dir='ltr'><strong>veleb</strong></span> <span class='ocrx_word' id='word_1_237' title='bbox 691 2974 755 3015; x_wconf 92' lang='lat' dir='ltr'><strong>uno</strong></span> <span class='ocrx_word' id='word_1_238' title='bbox 771 2950 905 3015; x_wconf 86' lang='lat' dir='ltr'><strong>solstitio</strong></span> <span class='ocrx_word' id='word_1_239' title='bbox 919 2950 960 3013; x_wconf 88' lang='lat' dir='ltr'><strong>ad</strong></span> <span class='ocrx_word' id='word_1_240' title='bbox 973 2948 1057 3013; x_wconf 89' lang='lat' dir='ltr'><strong>idem</strong></span> <span class='ocrx_word' id='word_1_241' title='bbox 1072 2949 1238 3013; x_wconf 84' lang='lat' dir='ltr'><strong>solstitium</strong></span> <span class='ocrx_word' id='word_1_242' title='bbox 1249 2950 1453 3037; x_wconf 80' lang='lat' dir='ltr'><strong>progreditur</strong></span> <span class='ocrx_word' id='word_1_243' title='bbox 1475 2962 1510 3015; x_wconf 87' lang='lat' dir='ltr'><strong>et</strong></span> 
     </span>
     <span class='ocr_line' id='line_1_25' title="bbox 220 3044 1508 3145; baseline 0 -25"><span class='ocrx_word' id='word_1_244' title='bbox 220 3057 261 3120; x_wconf 86' lang='lat' dir='ltr'><strong>eb</strong></span> <span class='ocrx_word' id='word_1_245' title='bbox 283 3056 465 3122; x_wconf 85' lang='lat' dir='ltr'><strong>authoribus</strong></span> <span class='ocrx_word' id='word_1_246' title='bbox 488 3044 667 3123; x_wconf 88' lang='lat' dir='ltr'><strong>Calendarii</strong></span> <span class='ocrx_word' id='word_1_247' title='bbox 682 3057 874 3145; x_wconf 78' lang='lat' dir='ltr'><strong>Gregorieni</strong></span> <span class='ocrx_word' id='word_1_248' title='bbox 896 3051 1194 3133; x_wconf 80' lang='lat' dir='ltr'><strong>Lahirio,‘Cassino</strong></span> <span class='ocrx_word' id='word_1_249' title='bbox 1208 3067 1241 3119; x_wconf 89' lang='lat' dir='ltr'><strong>ct</strong></span> <span class='ocrx_word' id='word_1_250' title='bbox 1257 3054 1444 3122; x_wconf 79' lang='lat' dir='ltr'><strong>Blanchinio</strong></span> <span class='ocrx_word' id='word_1_251' title='bbox 1458 3047 1508 3120; x_wconf 42' lang='lat' dir='ltr'><strong>in*—</strong></span> 
     </span>
     <span class='ocr_line' id='line_1_26' title="bbox 221 3164 1494 3254; baseline 0.004 -25"><span class='ocrx_word' id='word_1_252' title='bbox 221 3176 315 3231; x_wconf 84' lang='lat' dir='ltr'><strong>vente</strong></span> <span class='ocrx_word' id='word_1_253' title='bbox 329 3178 376 3231; x_wconf 86' lang='lat' dir='ltr'><strong>est</strong></span> <span class='ocrx_word' id='word_1_254' title='bbox 392 3164 503 3231; x_wconf 69' lang='lat'><strong>865⁶⁵²²¹</strong></span> <span class='ocrx_word' id='word_1_255' title='bbox 520 3164 585 3231; x_wconf 73' lang='lat'><strong>5¹¹⁰*-</strong></span> <span class='ocrx_word' id='word_1_256' title='bbox 601 3168 663 3233; x_wconf 80' lang='lat'>49&#39;.</span> <span class='ocrx_word' id='word_1_257' title='bbox 1490 3246 1494 3254; x_wconf 94' lang='lat'>.</span> 
     </span>
    </p>

    <p class='ocr_par' dir='ltr' id='par_1_7' title="bbox 220 3274 1618 4010">
     <span class='ocr_line' id='line_1_27' title="bbox 267 3274 1553 3370; baseline 0.005 -33"><span class='ocrx_word' id='word_1_258' title='bbox 267 3277 316 3338; x_wconf 88' lang='lat'><strong>16.</strong></span> <span class='ocrx_word' id='word_1_259' title='bbox 340 3274 424 3340; x_wconf 75' lang='lat' dir='ltr'><strong>Dati</strong></span> <span class='ocrx_word' id='word_1_260' title='bbox 447 3276 618 3361; x_wconf 87' lang='lat' dir='ltr'><strong>quantitate</strong></span> <span class='ocrx_word' id='word_1_261' title='bbox 640 3277 713 3339; x_wconf 91' lang='lat' dir='ltr'><strong>anni</strong></span> <span class='ocrx_word' id='word_1_262' title='bbox 733 3276 966 3364; x_wconf 77' lang='lat' dir='ltr'><strong>oequinoctidis,</strong></span> <span class='ocrx_word' id='word_1_263' title='bbox 990 3276 1083 3342; x_wconf 81' lang='lat' dir='ltr'><strong>datm</strong></span> <span class='ocrx_word' id='word_1_264' title='bbox 1094 3288 1199 3344; x_wconf 85' lang='lat' dir='ltr'><strong>motos</strong></span> <span class='ocrx_word' id='word_1_265' title='bbox 1216 3276 1298 3343; x_wconf 90' lang='lat' dir='ltr'><strong>Solis</strong></span> <span class='ocrx_word' id='word_1_266' title='bbox 1311 3278 1432 3342; x_wconf 88' lang='lat' dir='ltr'><strong>medius</strong></span> <span class='ocrx_word' id='word_1_267' title='bbox 1446 3293 1508 3370; x_wconf 90' lang='lat' dir='ltr'><strong>pro</strong></span> <span class='ocrx_word' id='word_1_268' title='bbox 1550 3340 1553 3343; x_wconf 81' lang='grc'>,</span> 
     </span>
     <span class='ocr_line' id='line_1_28' title="bbox 221 3369 1550 3475; baseline 0.004 -28"><span class='ocrx_word' id='word_1_269' title='bbox 221 3382 362 3470; x_wconf 91' lang='lat' dir='ltr'><strong>quolibet</strong></span> <span class='ocrx_word' id='word_1_270' title='bbox 387 3384 462 3448; x_wconf 87' lang='lat' dir='ltr'><strong>dato</strong></span> <span class='ocrx_word' id='word_1_271' title='bbox 486 3398 636 3471; x_wconf 87' lang='lat' dir='ltr'><strong>tempore,</strong></span> <span class='ocrx_word' id='word_1_272' title='bbox 664 3387 726 3453; x_wconf 94' lang='lat' dir='ltr'><strong>hoc</strong></span> <span class='ocrx_word' id='word_1_273' title='bbox 745 3402 793 3452; x_wconf 89' lang='lat' dir='ltr'><strong>est</strong></span> <span class='ocrx_word' id='word_1_274' title='bbox 813 3401 917 3453; x_wconf 86' lang='lat' dir='ltr'><strong>motus</strong></span> <span class='ocrx_word' id='word_1_275' title='bbox 936 3389 990 3475; x_wconf 89' lang='lat' dir='ltr'><strong>qui</strong></span> <span class='ocrx_word' id='word_1_276' title='bbox 1013 3388 1079 3454; x_wconf 90' lang='lat' dir='ltr'><strong>Soli</strong></span> <span class='ocrx_word' id='word_1_277' title='bbox 1100 3401 1290 3475; x_wconf 87' lang='lat' dir='ltr'><strong>competeret</strong></span> <span class='ocrx_word' id='word_1_278' title='bbox 1304 3390 1331 3454; x_wconf 88' lang='lat' dir='ltr'><strong>si</strong></span> <span class='ocrx_word' id='word_1_279' title='bbox 1344 3386 1508 3453; x_wconf 79' lang='lat' dir='ltr'><strong>uniformi·</strong></span> <span class='ocrx_word' id='word_1_280' title='bbox 1545 3369 1550 3374; x_wconf 88' lang='lat'><em>.</em></span> 
     </span>
     <span class='ocr_line' id='line_1_29' title="bbox 220 3490 1505 3582; baseline 0.002 -25"><span class='ocrx_word' id='word_1_281' title='bbox 220 3505 269 3557; x_wconf 90' lang='lat' dir='ltr'><strong>ter</strong></span> <span class='ocrx_word' id='word_1_282' title='bbox 292 3490 326 3557; x_wconf 91' lang='lat' dir='ltr'><strong>in</strong></span> <span class='ocrx_word' id='word_1_283' title='bbox 352 3492 492 3578; x_wconf 79' lang='lat' dir='ltr'><strong>ecliptici&#39;</strong></span> <span class='ocrx_word' id='word_1_284' title='bbox 518 3494 661 3561; x_wconf 86' lang='lat' dir='ltr'><strong>ferretur.</strong></span> <span class='ocrx_word' id='word_1_285' title='bbox 722 3498 781 3563; x_wconf 88' lang='lat' dir='ltr'><strong>Est</strong></span> <span class='ocrx_word' id='word_1_286' title='bbox 802 3498 886 3561; x_wconf 88' lang='lat' dir='ltr'><strong>enim</strong></span> <span class='ocrx_word' id='word_1_287' title='bbox 900 3509 937 3562; x_wconf 91' lang='lat' dir='ltr'><strong>ut</strong></span> <span class='ocrx_word' id='word_1_288' title='bbox 953 3497 1040 3562; x_wconf 75' lang='lat'><strong>365⁶.</strong></span> <span class='ocrx_word' id='word_1_289' title='bbox 1057 3492 1099 3562; x_wconf 66' lang='lat'><strong>5⁸.</strong></span> <span class='ocrx_word' id='word_1_290' title='bbox 1116 3502 1176 3563; x_wconf 79' lang='lat' dir='ltr'><strong>ts&#39;.</strong></span> <span class='ocrx_word' id='word_1_291' title='bbox 1191 3496 1233 3561; x_wconf 85' lang='lat' dir='ltr'><strong>od</strong></span> <span class='ocrx_word' id='word_1_292' title='bbox 1247 3510 1371 3582; x_wconf 89' lang='lat' dir='ltr'><strong>tempus</strong></span> <span class='ocrx_word' id='word_1_293' title='bbox 1386 3496 1505 3573; x_wconf 87' lang='lat' dir='ltr'><strong>datum,</strong></span> 
     </span>
     <span class='ocr_line' id='line_1_30' title="bbox 221 3600 1507 3693; baseline 0.002 -28"><span class='ocrx_word' id='word_1_294' title='bbox 221 3600 265 3666; x_wconf 70' lang='lat' dir='ltr'><strong>itt</strong></span> <span class='ocrx_word' id='word_1_295' title='bbox 291 3612 366 3669; x_wconf 76' lang='grc' dir='ltr'><strong>360ο</strong></span> <span class='ocrx_word' id='word_1_296' title='bbox 388 3626 466 3690; x_wconf 89' lang='lat' dir='ltr'><strong>quos</strong></span> <span class='ocrx_word' id='word_1_297' title='bbox 488 3606 544 3671; x_wconf 86' lang='lat' dir='ltr'><strong>Sol</strong></span> <span class='ocrx_word' id='word_1_298' title='bbox 565 3608 639 3669; x_wconf 85' lang='lat' dir='ltr'><strong>anni</strong></span> <span class='ocrx_word' id='word_1_299' title='bbox 662 3604 887 3693; x_wconf 84' lang='lat' dir='ltr'><strong>oequinoctialis</strong></span> <span class='ocrx_word' id='word_1_300' title='bbox 902 3618 1043 3692; x_wconf 88' lang='lat' dir='ltr'><strong>tempore</strong></span> <span class='ocrx_word' id='word_1_301' title='bbox 1057 3605 1205 3671; x_wconf 86' lang='lat' dir='ltr'><strong>describit</strong></span> <span class='ocrx_word' id='word_1_302' title='bbox 1218 3607 1347 3690; x_wconf 90' lang='lat' dir='ltr'><strong>proprio</strong></span> <span class='ocrx_word' id='word_1_303' title='bbox 1361 3616 1449 3669; x_wconf 90' lang='lat' dir='ltr'><strong>motu</strong></span> <span class='ocrx_word' id='word_1_304' title='bbox 1464 3602 1507 3668; x_wconf 83' lang='lat' dir='ltr'><strong>ad</strong></span> 
     </span>
     <span class='ocr_line' id='line_1_31' title="bbox 220 3712 1506 3802; baseline 0.002 -27"><span class='ocrx_word' id='word_1_305' title='bbox 220 3733 328 3775; x_wconf 89' lang='lat' dir='ltr'><strong>arcum</strong></span> <span class='ocrx_word' id='word_1_306' title='bbox 354 3712 506 3797; x_wconf 82' lang='lat' dir='ltr'><strong>eclipticae</strong></span> <span class='ocrx_word' id='word_1_307' title='bbox 531 3714 605 3778; x_wconf 82' lang='lat' dir='ltr'><strong>dsto</strong></span> <span class='ocrx_word' id='word_1_308' title='bbox 629 3728 770 3801; x_wconf 86' lang='lat' dir='ltr'><strong>tempore</strong></span> <span class='ocrx_word' id='word_1_309' title='bbox 795 3714 1033 3781; x_wconf 87' lang='lat' dir='ltr'><strong>conficiendum.</strong></span> <span class='ocrx_word' id='word_1_310' title='bbox 1089 3714 1165 3781; x_wconf 82' lang='lat' dir='ltr'><strong>Htc</strong></span> <span class='ocrx_word' id='word_1_311' title='bbox 1189 3716 1392 3802; x_wconf 86' lang='lat' dir='ltr'><strong>proportione</strong></span> <span class='ocrx_word' id='word_1_312' title='bbox 1415 3734 1506 3777; x_wconf 87' lang='lat' dir='ltr'><strong>arcus</strong></span> 
     </span>
     <span class='ocr_line' id='line_1_32' title="bbox 223 3799 1618 3910; baseline 0.003 -28"><span class='ocrx_word' id='word_1_313' title='bbox 223 3817 374 3905; x_wconf 73' lang='lat' dir='ltr'><strong>eclipticas</strong></span> <span class='ocrx_word' id='word_1_314' title='bbox 390 3838 473 3883; x_wconf 82' lang='lat' dir='ltr'><strong>armo</strong></span> <span class='ocrx_word' id='word_1_315' title='bbox 488 3822 645 3886; x_wconf 89' lang='lat' dir='ltr'><strong>communi</strong></span> <span class='ocrx_word' id='word_1_316' title='bbox 661 3822 776 3887; x_wconf 52' lang='lat'>365⁴*</span> <span class='ocrx_word' id='word_1_317' title='bbox 792 3820 1015 3887; x_wconf 86' lang='lat' dir='ltr'><strong>describendus</strong></span> <span class='ocrx_word' id='word_1_318' title='bbox 1038 3833 1085 3886; x_wconf 87' lang='lat' dir='ltr'><strong>est</strong></span> <span class='ocrx_word' id='word_1_319' title='bbox 1107 3819 1161 3886; x_wconf 91' lang='lat' dir='ltr'><strong>XI</strong></span> <span class='ocrx_word' id='word_1_320' title='bbox 1185 3822 1355 3910; x_wconf 87' lang='lat' dir='ltr'><strong>Signorum</strong></span> <span class='ocrx_word' id='word_1_321' title='bbox 1370 3828 1435 3887; x_wconf 77' lang='lat'><strong>29⁰.</strong></span> <span class='ocrx_word' id='word_1_322' title='bbox 1453 3822 1507 3885; x_wconf 80' lang='lat'><strong>45‘</strong></span> <span class='ocrx_word' id='word_1_323' title='bbox 1617 3799 1618 3834; x_wconf 51' lang='lat'>¹</span> 
     </span>
     <span class='ocr_line' id='line_1_33' title="bbox 221 3924 1503 4010; baseline 0.004 -21"><span class='ocrx_word' id='word_1_324' title='bbox 221 3924 292 4003; x_wconf 83' lang='lat' dir='ltr'><strong>to“‚</strong></span> <span class='ocrx_word' id='word_1_325' title='bbox 309 3925 360 3990; x_wconf 85' lang='lat' dir='ltr'><strong>die</strong></span> <span class='ocrx_word' id='word_1_326' title='bbox 375 3950 440 3991; x_wconf 92' lang='lat' dir='ltr'><strong>uno</strong></span> <span class='ocrx_word' id='word_1_327' title='bbox 455 3940 502 3995; x_wconf 84' lang='lat' dir='ltr'><strong>est</strong></span> <span class='ocrx_word' id='word_1_328' title='bbox 517 3934 566 3995; x_wconf 62' lang='lat'><strong>59(</strong></span> <span class='ocrx_word' id='word_1_329' title='bbox 583 3932 618 3995; x_wconf 89' lang='lat'><strong>8&#39;&#39;</strong></span> <span class='ocrx_word' id='word_1_330' title='bbox 635 3934 712 4010; x_wconf 65' lang='lat' dir='ltr'><strong>tom,</strong></span> <span class='ocrx_word' id='word_1_331' title='bbox 727 3926 806 3996; x_wconf 79' lang='lat' dir='ltr'><strong>hori</strong></span> <span class='ocrx_word' id='word_1_332' title='bbox 821 3928 884 3994; x_wconf 77' lang='lat' dir='ltr'><strong>und</strong></span> <span class='ocrx_word' id='word_1_333' title='bbox 899 3942 947 3995; x_wconf 90' lang='lat' dir='ltr'><strong>est</strong></span> <span class='ocrx_word' id='word_1_334' title='bbox 960 3935 990 3994; x_wconf 59' lang='grc' dir='ltr'><em>ἵ</em></span> <span class='ocrx_word' id='word_1_335' title='bbox 1005 3934 1074 4009; x_wconf 75' lang='grc'><strong><em>28”,</em></strong></span> <span class='ocrx_word' id='word_1_336' title='bbox 1093 3932 1214 3995; x_wconf 89' lang='lat' dir='ltr'><strong>minuto</strong></span> <span class='ocrx_word' id='word_1_337' title='bbox 1231 3955 1296 3995; x_wconf 91' lang='lat' dir='ltr'><strong>uno</strong></span> <span class='ocrx_word' id='word_1_338' title='bbox 1310 3942 1358 3995; x_wconf 85' lang='lat' dir='ltr'><strong>est</strong></span> <span class='ocrx_word' id='word_1_339' title='bbox 1373 3934 1411 3994; x_wconf 66' lang='lat' dir='ltr'><em>Y</em></span> <span class='ocrx_word' id='word_1_340' title='bbox 1426 3932 1503 3995; x_wconf 75' lang='lat'><strong><em>28⁰¹.</em></strong></span> 
     </span>
    </p>

    <p class='ocr_par' dir='ltr' id='par_1_8' title="bbox 209 4032 1506 4665">
     <span class='ocr_line' id='line_1_34' title="bbox 265 4032 1503 4123; baseline 0.002 -26"><span class='ocrx_word' id='word_1_341' title='bbox 265 4032 368 4097; x_wconf 84' lang='lat' dir='ltr'><strong>Arcus</strong></span> <span class='ocrx_word' id='word_1_342' title='bbox 390 4033 556 4122; x_wconf 82' lang='lat' dir='ltr'><strong>aequatoris</strong></span> <span class='ocrx_word' id='word_1_343' title='bbox 579 4034 632 4123; x_wconf 91' lang='lat' dir='ltr'><strong>qui</strong></span> <span class='ocrx_word' id='word_1_344' title='bbox 655 4036 729 4101; x_wconf 91' lang='lat' dir='ltr'><strong>dato</strong></span> <span class='ocrx_word' id='word_1_345' title='bbox 750 4048 892 4123; x_wconf 85' lang='lat' dir='ltr'><strong>tempore</strong></span> <span class='ocrx_word' id='word_1_346' title='bbox 906 4036 965 4101; x_wconf 90' lang='lat' dir='ltr'><strong>sub</strong></span> <span class='ocrx_word' id='word_1_347' title='bbox 980 4036 1160 4105; x_wconf 85' lang='lat' dir='ltr'><strong>Meridiano</strong></span> <span class='ocrx_word' id='word_1_348' title='bbox 1175 4038 1285 4102; x_wconf 87' lang='lat' dir='ltr'><strong>transit</strong></span> <span class='ocrx_word' id='word_1_349' title='bbox 1300 4036 1392 4101; x_wconf 91' lang='lat' dir='ltr'><strong>simili</strong></span> <span class='ocrx_word' id='word_1_350' title='bbox 1405 4035 1503 4101; x_wconf 91' lang='lat' dir='ltr'><strong>modo</strong></span> 
     </span>
     <span class='ocr_line' id='line_1_35' title="bbox 219 4138 1504 4229; baseline 0.003 -25"><span class='ocrx_word' id='word_1_351' title='bbox 219 4138 415 4219; x_wconf 84' lang='lat' dir='ltr'><strong>invenietur3</strong></span> <span class='ocrx_word' id='word_1_352' title='bbox 445 4164 520 4207; x_wconf 82' lang='lat' dir='ltr'><strong>num</strong></span> <span class='ocrx_word' id='word_1_353' title='bbox 543 4155 702 4229; x_wconf 82' lang='lat' dir='ltr'><strong>quaeratur</strong></span> <span class='ocrx_word' id='word_1_354' title='bbox 723 4162 812 4208; x_wconf 86' lang='lat' dir='ltr'><strong>arcus</strong></span> <span class='ocrx_word' id='word_1_355' title='bbox 839 4144 1005 4229; x_wconf 78' lang='lat' dir='ltr'><strong>sequuturis</strong></span> <span class='ocrx_word' id='word_1_356' title='bbox 1031 4141 1105 4207; x_wconf 88' lang='lat' dir='ltr'><strong>dato</strong></span> <span class='ocrx_word' id='word_1_357' title='bbox 1134 4154 1275 4228; x_wconf 87' lang='lat' dir='ltr'><strong>tempore</strong></span> <span class='ocrx_word' id='word_1_358' title='bbox 1301 4142 1423 4207; x_wconf 85' lang='lat' dir='ltr'><strong>sidereo</strong></span> <span class='ocrx_word' id='word_1_359' title='bbox 1444 4142 1504 4208; x_wconf 90' lang='lat' dir='ltr'><strong>sub</strong></span> 
     </span>
     <span class='ocr_line' id='line_1_36' title="bbox 219 4248 1504 4336; baseline 0.002 -24"><span class='ocrx_word' id='word_1_360' title='bbox 219 4248 394 4313; x_wconf 86' lang='lat' dir='ltr'><strong>meridiano</strong></span> <span class='ocrx_word' id='word_1_361' title='bbox 416 4248 579 4327; x_wconf 86' lang='lat' dir='ltr'><strong>transiens,</strong></span> <span class='ocrx_word' id='word_1_362' title='bbox 603 4248 771 4314; x_wconf 86' lang='lat' dir='ltr'><strong>dicendum</strong></span> <span class='ocrx_word' id='word_1_363' title='bbox 793 4260 858 4313; x_wconf 86' lang='lat' dir='ltr'><strong>est:</strong></span> <span class='ocrx_word' id='word_1_364' title='bbox 879 4262 915 4312; x_wconf 91' lang='lat' dir='ltr'><strong>ut</strong></span> <span class='ocrx_word' id='word_1_365' title='bbox 937 4257 978 4313; x_wconf 78' lang='lat' dir='ltr'><strong>st</strong></span> <span class='ocrx_word' id='word_1_366' title='bbox 1000 4248 1088 4312; x_wconf 74' lang='lat' dir='ltr'><strong>horse</strong></span> <span class='ocrx_word' id='word_1_367' title='bbox 1110 4248 1240 4317; x_wconf 66' lang='lat' dir='ltr'><strong>sidereae</strong></span> <span class='ocrx_word' id='word_1_368' title='bbox 1255 4250 1296 4314; x_wconf 86' lang='lat' dir='ltr'><strong>sd</strong></span> <span class='ocrx_word' id='word_1_369' title='bbox 1309 4263 1433 4336; x_wconf 89' lang='lat' dir='ltr'><strong>tempus</strong></span> <span class='ocrx_word' id='word_1_370' title='bbox 1448 4250 1504 4315; x_wconf 89' lang='lat' dir='ltr'><strong>da·</strong></span> 
     </span>
     <span class='ocr_line' id='line_1_37' title="bbox 209 4346 1505 4447; baseline 0.001 -24"><span class='ocrx_word' id='word_1_371' title='bbox 209 4370 297 4447; x_wconf 87' lang='lat' dir='ltr'><strong>tum,</strong></span> <span class='ocrx_word' id='word_1_372' title='bbox 313 4346 356 4423; x_wconf 76' lang='lat' dir='ltr'><strong>itti</strong></span> <span class='ocrx_word' id='word_1_373' title='bbox 372 4368 435 4425; x_wconf 80' lang='grc'><strong>360</strong></span> <span class='ocrx_word' id='word_1_374' title='bbox 450 4360 538 4447; x_wconf 76' lang='lat' dir='ltr'><strong>grad.</strong></span> <span class='ocrx_word' id='word_1_375' title='bbox 555 4359 595 4424; x_wconf 88' lang='lat' dir='ltr'><strong>ad</strong></span> <span class='ocrx_word' id='word_1_376' title='bbox 610 4382 717 4424; x_wconf 85' lang='lat' dir='ltr'><strong>arcum</strong></span> <span class='ocrx_word' id='word_1_377' title='bbox 732 4360 907 4446; x_wconf 81' lang='lat' dir='ltr'><strong>quaesitum,</strong></span> <span class='ocrx_word' id='word_1_378' title='bbox 922 4354 1125 4445; x_wconf 81' lang='lat' dir='ltr'><strong>isergohori</strong></span> <span class='ocrx_word' id='word_1_379' title='bbox 1139 4358 1273 4423; x_wconf 75' lang='lat' dir='ltr'><strong>unierit</strong></span> <span class='ocrx_word' id='word_1_380' title='bbox 1288 4368 1360 4436; x_wconf 78' lang='lat'><strong>15⁰3</strong></span> <span class='ocrx_word' id='word_1_381' title='bbox 1382 4360 1505 4424; x_wconf 90' lang='lat' dir='ltr'><strong>minuto</strong></span> 
     </span>
     <span class='ocr_line' id='line_1_38' title="bbox 220 4462 1506 4550; baseline 0.001 -20"><span class='ocrx_word' id='word_1_382' title='bbox 220 4486 285 4530; x_wconf 90' lang='lat' dir='ltr'><strong>nno</strong></span> <span class='ocrx_word' id='word_1_383' title='bbox 298 4465 402 4550; x_wconf 88' lang='lat' dir='ltr'><strong>pn&#39;mo</strong></span> <span class='ocrx_word' id='word_1_384' title='bbox 420 4466 476 4545; x_wconf 86' lang='lat'><strong>15&#39;,</strong></span> <span class='ocrx_word' id='word_1_385' title='bbox 500 4466 622 4531; x_wconf 84' lang='lat' dir='ltr'><strong>minuto</strong></span> <span class='ocrx_word' id='word_1_386' title='bbox 645 4465 783 4531; x_wconf 88' lang='lat' dir='ltr'><strong>secundo</strong></span> <span class='ocrx_word' id='word_1_387' title='bbox 801 4467 869 4530; x_wconf 85' lang='lat'><strong><em>15‘&#39;.</em></strong></span> <span class='ocrx_word' id='word_1_388' title='bbox 916 4462 999 4529; x_wconf 82' lang='lat' dir='ltr'><strong>Ciun</strong></span> <span class='ocrx_word' id='word_1_389' title='bbox 1015 4478 1119 4528; x_wconf 89' lang='lat' dir='ltr'><strong>autem</strong></span> <span class='ocrx_word' id='word_1_390' title='bbox 1136 4464 1192 4529; x_wconf 89' lang='lat' dir='ltr'><strong>Sol</strong></span> <span class='ocrx_word' id='word_1_391' title='bbox 1206 4462 1257 4529; x_wconf 86' lang='lat' dir='ltr'><strong>die</strong></span> <span class='ocrx_word' id='word_1_392' title='bbox 1272 4488 1335 4529; x_wconf 92' lang='lat' dir='ltr'><strong>uno</strong></span> <span class='ocrx_word' id='word_1_393' title='bbox 1349 4466 1506 4531; x_wconf 84' lang='lat' dir='ltr'><strong>descn&#39;bat</strong></span> 
     </span>
     <span class='ocr_line' id='line_1_39' title="bbox 220 4574 1506 4665; baseline 0.002 -26"><span class='ocrx_word' id='word_1_394' title='bbox 220 4587 308 4642; x_wconf 82' lang='lat' dir='ltr'><strong>motu</strong></span> <span class='ocrx_word' id='word_1_395' title='bbox 333 4578 462 4665; x_wconf 89' lang='lat' dir='ltr'><strong>proprio</strong></span> <span class='ocrx_word' id='word_1_396' title='bbox 485 4576 590 4644; x_wconf 84' lang='lat' dir='ltr'><strong>medio</strong></span> <span class='ocrx_word' id='word_1_397' title='bbox 611 4576 652 4641; x_wconf 89' lang='lat' dir='ltr'><strong>ad</strong></span> <span class='ocrx_word' id='word_1_398' title='bbox 675 4588 866 4663; x_wconf 85' lang='lat' dir='ltr'><strong>aequatorem</strong></span> <span class='ocrx_word' id='word_1_399' title='bbox 888 4574 989 4639; x_wconf 83' lang='lat' dir='ltr'><strong>relato</strong></span> <span class='ocrx_word' id='word_1_400' title='bbox 1011 4594 1118 4638; x_wconf 81' lang='lat' dir='ltr'><strong>arcum</strong></span> <span class='ocrx_word' id='word_1_401' title='bbox 1135 4578 1185 4638; x_wconf 82' lang='lat'><strong>59&#39;</strong></span> <span class='ocrx_word' id='word_1_402' title='bbox 1200 4579 1236 4639; x_wconf 65' lang='grc' dir='ltr'><strong>δ”</strong></span> <span class='ocrx_word' id='word_1_403' title='bbox 1253 4578 1322 4639; x_wconf 61' lang='lat' dir='ltr'><strong>tom</strong></span> <span class='ocrx_word' id='word_1_404' title='bbox 1336 4574 1376 4639; x_wconf 86' lang='lat' dir='ltr'><strong>ab</strong></span> <span class='ocrx_word' id='word_1_405' title='bbox 1391 4589 1506 4641; x_wconf 83' lang='lat' dir='ltr'><strong>occasu</strong></span> 
     </span>
    </p>
   </div>
   <div class='ocr_carea' id='block_1_7' title="bbox 0 0 1646 5510">
    <p class='ocr_par' dir='ltr' id='par_1_9' title="bbox 0 0 1646 5510">
     <span class='ocr_line' id='line_1_40' title="bbox 0 0 1646 5510; baseline 0 0"><span class='ocrx_word' id='word_1_406' title='bbox 0 0 1646 5510; x_wconf 95' lang='lat' dir='ltr'><strong> </strong></span> 
     </span>
    </p>
   </div>
  </div>
 </body>
</html>
