3284 5517
179 330 243 392 260
430 324 698 405 Inoutsttto
726 326 930 403 Pfflslct
954 328 1007 396 lN
1029 327 1227 401 CAUSAM

179 508 463 583 comparatam,··nt
485 498 519 563 in
543 498 717 587 equalibru
731 488 822 567 ‘dun
843 511 989 566 canuam
1008 498 1181 573 intervallis
1202 498 1365 565 mantiam
1383 496 1476 585 nque

182 603 311 677 densam
334 604 483 683 includat,
508 606 611 673 Terra
622 626 751 693 quoque
763 606 909 675 universa
927 608 992 673 nim
1008 630 1029 672 a
1043 606 1118 673 Sole
1131 604 1227 693 quim
1241 628 1261 670 a
1276 605 1370 671 Luni
1385 605 1475 692 arque

179 710 405 792 sollicitabitur,
428 732 465 777 ac
487 713 513 777 si
534 713 636 780 omnis
658 714 725 799 ejus
747 713 878 779 materia
897 713 932 777 in
952 724 1063 778 centro
1076 724 1160 779 esset
1174 712 1314 779 collecta.
1361 712 1473 789 Quan-

179 840 274 907 quam
288 818 372 883 eninr
386 840 471 883 nunc
484 819 613 906 quidem
627 821 866 895 accuratissimis
887 820 929 884 ab
948 818 1160 897 illustrissimi
1176 820 1349 887 Academici
1373 819 1474 910 Regia

176 927 326 994 institutis
350 928 466 1013 passim
491 929 646 995 mensuris
672 929 747 993 satis
772 928 1101 1006 est,demonstratum,
1135 928 1247 1005 Terroe
1269 928 1405 1017 figurem
1430 928 1473 999 ad

177 1034 267 1119 polos
282 1056 350 1099 esse
365 1055 585 1119 compressam,
598 1046 703 1099 tamen
719 1034 841 1099 tantilla
853 1058 875 1099 a
888 1034 1026 1119 persecu
1040 1035 1163 1120 apbaeri
1178 1036 1344 1115 aberratio,
1360 1038 1394 1101 in
1404 1035 1473 1108 aliis

177 1144 303 1230 quidem
329 1143 463 1233 negotiis
486 1145 617 1209 maximi
638 1146 800 1223 momenti,
823 1146 858 1211 in
882 1144 944 1211 boc
965 1147 1107 1216 insnum
1128 1146 1198 1212 tutb
1218 1148 1338 1236 negligi
1356 1159 1470 1233 potest

179 1252 314 1339 Parique
336 1253 467 1331 ratione,
491 1252 610 1317 etiarnsi
633 1251 735 1319 Terra
755 1252 789 1317 in
812 1253 988 1340 aequalibus
1009 1276 1029 1318 a
1049 1265 1160 1319 centro
1175 1254 1329 1321 distantiis
1346 1277 1412 1320 non
1430 1255 1475 1321 sit

177 1361 268 1449 oeque
283 1360 390 1441 densa,
407 1374 512 1427 tamen
526 1358 701 1427 differentia
715 1359 800 1427 certe
815 1382 880 1425 non
896 1373 945 1426 est
958 1372 1055 1441 muta,
1070 1373 1107 1426 ut
1119 1383 1209 1427 error
1222 1360 1377 1429 sensibilis
1398 1362 1473 1428 lude

178 1470 219 1535 sit
233 1452 430 1535 metuendum
793 1518 795 1525 .

76 1642 81 1651 ,
205 1586 245 1663 q.
268 1588 320 1645 22.
352 1578 400 1646 Ut
425 1578 521 1667 igitur
545 1578 628 1643 vires
653 1578 862 1659 inveniantur,
888 1599 961 1665 quse
983 1580 1116 1647 tendant
1139 1580 1183 1645 sd
1210 1580 1307 1647 situm
1333 1579 1473 1667 partium

181 1688 291 1753 Terrae
313 1686 478 1753 relativum
499 1686 739 1766 immutandum,
762 1686 943 1751 defimenda
963 1698 1012 1751 est
1024 1688 1072 1751 vis
1084 1686 1299 1765 acceleratrix,
1321 1686 1383 1773 quis
1398 1707 1473 1751 cen·

176 1808 261 1862 trum
283 1796 393 1861 Terrae
415 1793 479 1859 sive
500 1794 543 1861 ad
566 1794 672 1861 Solem
695 1794 759 1859 sive
780 1792 824 1859 ad
845 1793 973 1859 Lunam
992 1806 1162 1881 urgeatur:
1196 1792 1259 1881 qni
1281 1792 1420 1881 cogniti,
1444 1792 1473 1857 si

176 1904 410 1989 comperiantur
431 1924 541 1969 omnes
563 1904 677 1969 Terrae
697 1914 802 1987 partes
816 1902 991 1990 aequalibus
1014 1904 1133 1970 viribus
1149 1903 1420 1970 acceleratricibus
1440 1914 1474 1969 et

177 2013 211 2076 in
233 2011 461 2077 directionibus
487 2009 644 2097 parallelis
668 2008 768 2099 ugari,
792 2010 881 2075 nulla
905 2011 1035 2075 omnino
1061 2012 1302 2091 sitbsmutatio,
1324 2012 1475 2099 nulloque

176 2120 310 2207 proinde
331 2120 427 2185 maris
449 2120 578 2208 agitatio
598 2120 726 2185 oriemr.
772 2117 837 2185 Sed
858 2118 961 2185 Terra
980 2120 1015 2185 in
1034 2142 1070 2185 ae
1083 2131 1223 2205 spectata
1236 2121 1377 2187 omnium
1398 2142 1472 2206 par·

176 2230 255 2295 tium
269 2230 363 2294 situm
377 2242 522 2294 mutuum
535 2228 722 2293 invariatum
737 2228 942 2295 conservabit.
988 2229 1034 2294 At
1049 2230 1076 2293 si
1098 2230 1191 2306 virm,
1208 2230 1322 2316 quibus
1336 2230 1472 2317 singulm

176 2352 281 2425 partes
296 2362 315 2403 a
328 2339 401 2405 Sole
416 2352 471 2403 aut
486 2336 578 2403 Luna
590 2352 751 2427 urgentur,
764 2338 971 2425 discrepenta
985 2338 1018 2403 vi
1030 2350 1174 2405 centmm
1182 2340 1294 2405 'lbrrre
1305 2340 1471 2418 afficiente,

176 2444 242 2511 nim
258 2446 379 2511 ratione
394 2444 573 2532 quantitatis
588 2442 684 2531 quim
699 2444 888 2524 directionis,
911 2459 978 2510 tum
993 2445 1054 2511 nisi
1068 2446 1245 2511 firmissime
1266 2446 1347 2511 inter
1362 2469 1395 2511 se
1410 2448 1473 2511 sint

177 2576 340 2633 connexae,
362 2554 395 2617 in
418 2554 479 2618 situ
501 2575 559 2618 ruo
579 2566 689 2619 mutuo
709 2555 888 2640 perturbari
908 2554 1078 2621 debebunt
1126 2556 1264 2642 Hocque
1278 2576 1354 2621 casu
1367 2575 1469 2642 aquae,

177 2686 249 2750 quse
275 2663 317 2727 ob
342 2661 528 2727 fluiditatem
551 2663 584 2725 vi
606 2662 700 2727 etiam
724 2662 865 2729 minimae
889 2664 1017 2744 cedunt,
1043 2665 1231 2731 sensrlriliter
1258 2666 1471 2754 agitabuntur,

177 2782 270 2856 atque
292 2766 448 2832 affluendo
469 2765 699 2853 defluendoque
719 2768 787 2833 aliis
809 2768 887 2835 locis
909 2769 1123 2848 elevabuntur,
1149 2770 1217 2835 aliis
1243 2770 1469 2857 deprimentur.

181 2877 264 2945 Crini
281 2892 390 2943 autem
405 2879 464 2943 iste
479 2889 594 2954 motus,
617 2880 672 2965 qui
692 2878 725 2941 in
748 2878 879 2967 singulis
894 2878 1006 2944 Terroe
1020 2878 1162 2965 pmnbus
1177 2891 1355 2965 generatur,
1379 2904 1399 2943 a
1412 2878 1474 2943 dif-

178 2984 309 3050 ferentia
326 2984 407 3057 inter
421 2985 502 3049 vires
518 2996 662 3049 centrum
676 2985 789 3051 Terrae
803 2998 836 3051 et
849 2986 934 3071 ipsas
950 3000 1057 3071 partes
1070 2986 1271 3053 sollicitantes
1291 2972 1488 3072 praecise-f

179 3104 242 3171 tur,
268 3091 398 3176 propria
422 3091 479 3169 vis,
507 3089 569 3176 quai
595 3112 728 3177 quaeque
753 3092 908 3177 particula
932 3094 1110 3181 agitabitur,
1135 3093 1318 3173 innotescet,
1345 3096 1372 3157 si
1395 3118 1416 3159 a
1439 3096 1471 3159 vi

179 3198 394 3265 acceleratrice
408 3188 494 3261 illam
506 3196 693 3282 particulam
708 3197 892 3263 sollicitante
905 3199 1065 3265 miseratur
1080 3200 1135 3263 vix
1149 3199 1360 3278 acceleratrix,
1375 3224 1470 3287 quarn

177 3317 320 3369 centrum
335 3303 367 3368 T
367 3300 447 3367 'errae
460 3304 598 3388 patitur:
619 3303 752 3391 haecque
767 3306 939 3371 subtractio
951 3307 997 3371 ita
1009 3307 1193 3385 instituimr,
1215 3321 1251 3372 ut
1265 3308 1378 3394 cuique
1397 3330 1471 3395 par-

178 3414 281 3478 ticulae
302 3424 417 3498 praeter
439 3412 503 3476 vim
524 3423 597 3477 actu
611 3434 681 3479 eam
695 3412 913 3480 sollicitantem
928 3416 989 3481 alia
1002 3417 1050 3481 vis
1063 3416 1193 3503 aequalis
1207 3416 1264 3496 illi,
1287 3440 1382 3504 qnam
1396 3440 1472 3486 cen·

178 3533 261 3586 trum
282 3520 466 3605 perpetitun
489 3518 524 3583 in
543 3519 715 3586 direunne
727 3522 885 3587 conneriri
899 3523 1054 3608 applicata
1067 3523 1282 3608 concipiatur:
1304 3526 1471 3590 tamenim

177 3630 223 3694 vis
247 3651 317 3716 quae
339 3650 380 3693 ex
403 3629 628 3715 compositione
650 3629 762 3695 barum
776 3630 912 3697 duarum
925 3633 1035 3713 orimr,
1058 3634 1119 3697 erit
1131 3653 1206 3697 vera
1220 3632 1266 3697 vis
1285 3634 1471 3717 particulam

176 3738 262 3802 illam
277 3737 403 3804 deloco
418 3720 475 3803 suo
490 3738 669 3806 deflectens.

219 3852 243 3930 t
259 3854 312 3913 28.
337 3846 556 3913 Consentanea
571 3860 620 3911 est
633 3846 703 3913 bne
719 3844 863 3913 reductio
880 3848 1043 3935 principiis
1056 3848 1255 3929 mechanicis,
1278 3850 1392 3936 quibus
1407 3862 1473 3915 sta·

177 3958 275 4022 tuitm
296 3968 416 4022 motum
438 3958 602 4023 relativum
623 3958 656 4022 in
680 3970 847 4045 systemate
861 3971 1062 4046 quotcunque
1076 3981 1246 4045 corporum
1261 3971 1293 4024 et
1307 3982 1327 4024 a
1341 3960 1471 4046 quibus·

176 4090 300 4155 cunque
315 4070 432 4134 viribus
448 4068 684 4134 sollicitaturum
707 4088 834 4134 manere
847 4069 1045 4147 invariatum,
1061 4069 1087 4135 si
1101 4090 1167 4133 non
1181 4067 1284 4133 solvlm
1298 4069 1356 4133 toti
1371 4080 1471 4155 syste⁴

176 4175 253 4239 mati
274 4186 378 4239 motus
401 4173 563 4262 oequabilis
585 4174 618 4239 in
640 4174 793 4241 directum
815 4174 909 4241 sirnul
930 4173 1136 4259 imprimatur,
1159 4173 1215 4239 sed
1229 4175 1324 4239 etiam
1338 4175 1470 4262 singolis

175 4282 317 4367 partibus
331 4283 414 4349 vires
430 4282 566 4369 aequales
581 4302 713 4369 quarum
728 4282 917 4347 directiones
937 4284 1002 4347 sint
1022 4282 1105 4346 inter
1122 4304 1157 4347 se
1176 4282 1346 4367 parallelas,
1369 4282 1471 4368 appii·

177 4403 298 4455 centur.
344 4392 464 4457 Nostro
478 4393 575 4480 igitur
589 4413 664 4457 casn
677 4406 781 4457 motus
796 4392 962 4457 intestinus
975 4392 1113 4476 partium
1127 4390 1239 4455 Terras
1252 4412 1318 4457 non
1328 4392 1470 4457 turbabi-

176 4513 239 4577 tur,
263 4501 289 4565 si
312 4500 441 4589 singulis
456 4502 616 4587 particulis
631 4501 710 4565 vires
726 4503 862 4589 oequales
877 4503 910 4565 in
922 4501 1146 4567 directionibus
1160 4501 1317 4587 parallelis
1331 4502 1469 4588 applice—
1543 4553 1548 4558 .

177 4634 247 4675 mus
274 4622 310 4674 nt
333 4608 481 4675 fecimus:
517 4608 602 4696 qubd
628 4610 653 4673 si
678 4623 784 4674 autern
808 4607 877 4675 istae
899 4610 980 4673 vires
1002 4609 1138 4695 equales
1159 4610 1222 4673 sint
1242 4608 1298 4689 illi,
1321 4608 1382 4696 quis
1404 4621 1470 4674 tota
1580 4660 1583 4665 .
