3284 5517
159 398 448 467 LmaaTaa'rrus.
512 396 756 464 astructam
780 394 1154 473 MATHEMATIGA.
1403 401 1450 459 ab

721 730 881 797 scholiam.

207 942 374 1012 Hactenus
394 938 458 1005 vim
479 940 565 1005 illam
587 938 649 1027 qud
671 960 804 1026 corpora
825 939 964 1004 coelestia
979 939 1015 1002 in
1033 936 1163 1001 orbibus
1184 934 1248 998 suis
1263 933 1448 1015 retinentur,

155 1050 366 1137 ¹¹centripetaur
390 1048 623 1135 appellavimus.
676 1046 820 1113 Eandem
846 1050 913 1134 jam
942 1047 1128 1135 gravitatem
1158 1066 1226 1108 esse
1255 1055 1387 1123 constat,
1418 1056 1451 1108 et

156 1170 328 1243 propterea
341 1156 525 1243 gravitatem
545 1154 578 1217 in
596 1164 760 1239 posterum
772 1152 964 1218 vocabimus.
1010 1152 1094 1217 Nam
1109 1170 1203 1215 causa
1217 1150 1264 1214 vis
1277 1148 1361 1213 illius
1375 1171 1451 1214 oen-

157 1264 291 1351 tripete,
307 1264 369 1351 qui
385 1262 478 1329 Luna
492 1264 643 1329 retinetur
657 1264 691 1327 in
706 1262 792 1342 orbe,
808 1262 937 1329 extendi
951 1262 1045 1327 debet
1055 1261 1096 1324 ad
1110 1281 1220 1324 omnes
1235 1259 1378 1347 planetas
1391 1283 1450 1347 per

160 1374 245 1463 Bag.
262 1382 291 1438 l.
308 1381 339 1437 2.
354 1384 387 1439 et
401 1380 433 1437 t.

421 1620 709 1691 PROPOSITIO
730 1624 792 1689 VI.
835 1623 1109 1690 THEOREMA
1131 1622 1191 1687 VI.
1215 1566 1224 1602 l

16 1792 18 1829 ³
160 1810 300 1893 Corpora
314 1810 416 1874 onmia
433 1811 468 1873 in
476 1810 622 1893 planetas
635 1811 768 1895 singular
777 1812 948 1894 grauiore,
966 1819 996 1873 et
1009 1812 1152 1891 pondera
1166 1830 1266 1886 eonon
1280 1810 1316 1872 ia
1329 1808 1452 1871 mitem

201 1920 332 2004 qroemais
340 1920 509 2001 planetam,
519 1920 650 2001 paribus
665 1921 822 1985 distantiis
833 1942 854 1983 a
864 1930 966 1983 centro
974 1920 1121 2001 planeta,
1130 1918 1381 2005 proportionalia
1391 1938 1452 1981 esse

202 2027 373 2114 pimntitmi
386 2028 524 2089 materia
538 2028 572 2089 iu
586 2028 722 2111 sirtgulis.
1470 2043 1474 2050 ·

105 2234 108 2239 '
204 2226 244 2311 (‘)
264 2225 445 2291 Desceusus
466 2225 609 2313 gravium
631 2226 772 2289 omnium
793 2226 828 2291 in
854 2224 989 2291 Terram
1012 2222 1152 2311 (dempti
1177 2224 1286 2289 saltem
1305 2218 1453 2311 inoequall

157 2333 371 2399 retardatione
394 2356 467 2422 quae
489 2356 531 2399 ex
548 2334 628 2399 atris
653 2334 827 2423 perexigui
852 2334 1027 2401 resistentiri
1047 2336 1159 2415 oritur)
1182 2334 1354 2421 aequalibus
1373 2345 1453 2398 tem·

155 2440 290 2525 poribus
304 2440 384 2519 fieri,
395 2440 585 2526 jamdudum
599 2441 804 2506 observarunt
818 2441 871 2505 alii
879 2466 889 2519 3
912 2454 944 2506 et
957 2440 1186 2506 accuratissimi
1201 2440 1329 2528 quidem
1343 2452 1453 2504 notare

158 2547 234 2613 licet
256 2548 468 2637 aequalitatem
487 2561 666 2635 temporum
680 2550 713 2614 in
727 2551 883 2639 pendulis.
929 2552 1012 2617 Rem
1027 2552 1145 2615 tentavi
1158 2552 1192 2615 in
1206 2574 1294 2628 auro,
1310 2562 1452 2638 argento,

158 2656 301 2741 plumbo,
324 2659 415 2737 vitro,
441 2658 547 2737 merri,
571 2658 637 2723 sale
659 2660 825 2737 communi,
841 2658 939 2748 ligno,
955 2658 1045 2747 aqui,
1061 2658 1174 2723 tritico.
1221 2657 1453 2743 comparabam

157 2763 293 2850 pyxides
319 2763 398 2831 duas
423 2764 544 2853 ligneas
566 2764 717 2831 rotundas
738 2779 771 2833 et
794 2768 940 2854 aequales.
986 2766 1095 2833 Unam
1116 2765 1286 2851 implebam
1304 2764 1402 2853 ligno,
1423 2774 1455 2829 et

158 2870 244 2936 idem
266 2870 336 2935 auri
354 2870 481 2957 pondus
503 2873 733 2959 suspendebam
755 2872 864 2960 (quam
884 2872 975 2957 potui
995 2870 1118 2953 exacti)
1141 2873 1175 2935 iu
1195 2870 1322 2937 alterius
1344 2880 1454 2935 centro

157 2970 374 3047 oscillatiouis.
429 2982 568 3069 Pyxidas
591 2982 632 3048 ab
653 2982 825 3069 aequalibus
854 2982 972 3067 pedum
1001 2981 1149 3047 undecim
1177 2978 1240 3043 filis
1268 2979 1454 3065 pendentes,
1492 3004 1499 3016 ·

161 3089 395 3155 constituebant
408 3089 546 3177 pendula
554 3112 573 3165 ς·
587 3088 692 3175 quoad
705 3088 840 3173 pondus,
856 3088 1001 3177 liparam,
1025 3100 1058 3153 et
1071 3087 1152 3153 airis
1167 3086 1374 3161 resistentiam
1389 3106 1455 3150 om·

158 3195 235 3261 nino
249 3195 357 3280 paria:
381 3206 413 3261 et
426 3195 555 3281 paribus
570 3188 824 3275 oscillationibus,
836 3197 929 3282 juxta
941 3195 1064 3281 positae,
1080 3195 1169 3260 ibant
1185 3192 1250 3259 und
1264 3206 1296 3259 et
1310 3194 1455 3260 redibant
1523 3255 1528 3262 .

158 3302 343 3369 diutissime.
389 3304 425 3389 (¹)
443 3304 582 3369 Proinde
597 3305 688 3390 copia
703 3305 842 3371 materiae
856 3307 890 3369 in
903 3329 981 3371 auro
1001 3310 1072 3392 (per
1088 3306 1197 3375 Corol.
1217 3315 1246 3369 l.
1261 3315 1294 3370 et
1307 3315 1339 3371 6.
1356 3305 1454 3389 Prop.

159 3408 293 3475 XXIV.
310 3409 382 3474 Lib.
399 3409 460 3489 II.)
482 3422 550 3475 erat
571 3410 612 3475 ad
634 3412 757 3496 copiam
771 3412 913 3476 materiae
934 3413 968 3475 in
982 3410 1081 3499 ligno,
1103 3425 1140 3478 ut
1153 3414 1200 3477 vis
1217 3413 1357 3477 matricis
1372 3411 1454 3476 actio

160 3516 194 3587 ia
209 3528 313 3591 totum
327 3538 439 3582 aurum
455 3519 497 3582 ad
511 3519 652 3605 ejsudem
666 3520 821 3585 actionem
835 3520 869 3585 in
884 3532 986 3585 totum
999 3521 1139 3609 lignum
1160 3521 1223 3587 boc
1242 3533 1299 3599 est,
1322 3533 1359 3589 ut
1372 3542 1454 3607 pon·

157 3626 217 3693 dus
231 3628 274 3693 ad
287 3628 424 3714 pondus.
470 3630 514 3695 Et
527 3630 574 3695 sic
587 3630 621 3695 in
636 3630 767 3695 caeteris.
813 3631 854 3695 lu
866 3630 1053 3716 corporibus
1067 3631 1207 3717 ejsudem
1227 3629 1377 3716 ponderis
1392 3628 1453 3694 dif-

16 3802 17 3815 .
158 3736 289 3805 ferentia
302 3738 453 3817 matcriae,
470 3759 541 3825 quae
555 3739 605 3803 vel
620 3739 724 3803 minor
735 3751 816 3806 esset
827 3738 924 3827 quim
933 3761 1007 3825 pars
1018 3740 1183 3806 millesima
1193 3740 1334 3806 materiae
1344 3739 1450 3819 totius,

16 3928 17 3933 ἵ
156 3846 206 3913 hia
220 3848 443 3935 experimmtis
457 3847 624 3915 manifestd
639 3849 833 3935 deprehendi
853 3851 966 3936 potuit.
1010 3850 1083 3915 Jarn
1097 3848 1174 3915 verd
1187 3861 1333 3915 naturam
1346 3850 1452 3938 gravi·

155 3959 228 4024 tatia
243 3959 276 4023 iu
289 3958 432 4047 planetas
446 3959 579 4027 eandem
593 3982 662 4026 esse
677 3971 770 4047 atque
784 3959 818 4024 in
833 3959 980 4039 Terram,
996 3982 1061 4025 non
1076 3972 1125 4024 est
1137 3958 1278 4023 dubimn.
1324 3958 1451 4024 Elevari

157 4070 244 4135 enirn
258 4069 421 4161 fingantur
435 4093 570 4158 corpora
583 4070 654 4137 haec
668 4070 827 4137 terrestria
840 4068 882 4135 ad
896 4092 996 4159 usque
1007 4069 1117 4135 orbem
1129 4066 1242 4146 Lunae,
1258 4079 1291 4133 et
1304 4065 1369 4132 und
1378 4089 1451 4133 cum

187 4280 222 4344 (‘)
235 4283 249 4311 ⁶
261 4282 394 4332 Donamus
401 4284 668 4346 gmaiamomnirtmffl.
678 4283 732 4332 Lu.
745 4283 789 4345 1.).
821 4282 893 4332 rettd.
929 4282 977 4332 aad
992 4282 1085 4343 paudus
1100 4279 1284 4341 comparativum
1298 4278 1451 4329 mattiarlo

187 4344 559 4423 (¹)'Pnb1ddmpiamatfriae.
597 4347 724 4403 Quantitas
739 4364 790 4397 rua-
821 4348 925 4396 matricis
941 4349 993 4423 (per
1012 4347 1066 4422 Car:
1085 4351 1108 4421 6.
1131 4345 1203 4406 Prap.
1226 4344 1289 4392 XX.
1309 4344 1364 4420 Lib.
1385 4344 1447 4407 11.).
1490 4372 1493 4378 ·

156 4418 222 4457 urta
243 4410 369 4485 rnmedro
390 4425 439 4458 uon
460 4420 580 4461 raasteme
598 4411 789 4487 estutpoudua
822 4410 1118 4488 Ergdpopramatenaru
1128 4409 1450 4485 aupoerataduoopsamma·

156 4475 533 4597 ruiturarum
546 4484 657 4589 “iiii
667 4475 789 4588 itti?
820 4483 928 4587 Ἣ
941 4474 1046 4587 ”tut
1054 4482 1396 4601 *mittut
1405 4488 1449 4595 ξ

160 4546 263 4648 xuxgppr·
276 4601 331 4649 Lib.
346 4602 397 4663 ll.)
410 4542 577 4666 ldedqueditis
588 4614 692 4664 tempore
702 4614 725 4651 et
736 4556 789 4651 lori·
820 4606 875 4715 Sper
896 4556 987 4651 corill.
1002 4604 1073 4666 Prop.
1089 4602 1192 4651 xxw.
1206 4602 1260 4651 Lut
1275 4570 1331 4663 11.)’
1348 4610 1376 4649 ut
1389 4615 1449 4662 pon-

16 4678 18 4723 i
159 4663 264 4726 prauae
280 4666 385 4726 penduli,
403 4677 430 4714 ut
446 4668 539 4729 pondus
554 4668 737 4731 comparativum
752 4666 788 4715 dr-
838 4684 866 4715 us
875 4668 907 4717 ad
917 4666 1015 4730 pondus·
