3284 5517
396 367 587 438 FLUXUS
608 368 672 453 ΔΟ
695 365 949 434 REFLUXUS
973 363 1131 430 Malus.
1342 374 1404 431 319
1468 373 1471 380 ’

121 553 170 608 ter
192 561 334 606 enormes
355 539 414 611 rel
426 541 480 605 rix
501 540 671 617 sensibiles,
694 540 741 602 uti
761 539 796 602 in
818 537 905 602 Mari
928 537 1172 612 Mediterranea
1196 536 1243 600 vel
1265 533 1405 622 insignes
1473 551 1475 555 ’

121 647 346 713 retardationes
369 669 490 734 eorum,
514 647 629 732 quibua
650 646 748 710 rebus
770 645 968 730 explicandis
985 667 1120 731 aequm
1142 643 1248 728 Caput
1264 643 1413 709 nltimmii

123 752 364 824 destinavimus:
386 761 430 823 ita
449 759 484 822 in
502 759 566 822 hoc
588 759 700 842 Capite
722 770 843 822 tantum
856 779 893 820 ea
906 754 1001 820 aestlis
1015 755 1112 818 maris
1131 754 1339 838 phaenomena
1353 777 1410 819 ex-

123 868 271 954 plicanda
285 868 480 953 suscipimus,
502 891 573 954 quae
591 869 625 931 in
644 867 799 953 portubus
812 867 1038 951 amplissimum
1052 886 1206 930 oceanum
1219 865 1411 951 respicienti·

123 979 185 1042 bus
198 976 248 1040 rel
262 975 372 1040 insulis
387 976 546 1041 observari
560 975 663 1040 solent
681 977 714 1039 in
728 997 846 1039 oceano
861 974 938 1038 sitis.

167 1094 192 1170 t.
208 1097 259 1152 99.
285 1086 320 1151 Si
333 1107 442 1150 omnes
456 1080 672 1170 proprietates,
694 1085 807 1170 quibus
819 1085 925 1148 fluxus
939 1105 977 1147 ac
991 1083 1129 1148 refluxus
1143 1083 1238 1147 maris
1259 1081 1411 1167 praeditus

127 1215 197 1258 esse
210 1193 403 1271 observatiu,
426 1191 571 1256 distincte
592 1213 775 1256 enumerare
794 1204 887 1276 atque
902 1213 1060 1275 exponere
1073 1190 1214 1266 velimus,
1238 1189 1413 1273 deprehen·

58 1354 62 1358 a
126 1301 237 1365 demus
259 1323 311 1364 eas
333 1300 375 1364 ad
395 1311 459 1364 tres
482 1299 595 1364 classes
609 1299 748 1362 revocari
766 1298 891 1362 debere.
936 1297 991 1362 Ad
1004 1297 1137 1381 primam
1152 1296 1268 1361 scilicet
1282 1296 1414 1360 classem
1434 1296 1438 1309 ’

125 1409 290 1474 referenda
302 1419 377 1473 sunt
388 1408 605 1494 phaenomena,
618 1430 689 1496 quae
703 1409 738 1472 in
751 1430 816 1474 uno
830 1420 908 1472 aestu
923 1409 956 1471 in
971 1431 1004 1472 se
1019 1419 1158 1492 spectato
1169 1408 1412 1492 conspiciuntur,

128 1520 202 1587 oiim
216 1522 337 1586 ratione
351 1521 500 1605 temporis
514 1518 582 1585 tcim
596 1521 690 1584 etiam
704 1520 825 1583 ratione
840 1519 1035 1605 quantitatis;
1058 1517 1188 1604 haecque
1206 1517 1415 1601 phaenomena

129 1627 381 1695 commodissime
395 1628 455 1692 sub
469 1627 668 1694 varietatibus
682 1628 803 1692 diurnis
817 1627 1042 1713 comprehendi
1056 1640 1195 1712 possunt,
1213 1625 1364 1714 quitenus
1379 1649 1416 1691 ea

128 1760 162 1802 se
176 1737 312 1801 offerruit
325 1736 526 1814 observatori,
550 1735 605 1822 qui
624 1757 682 1821 per
703 1734 860 1822 integrum
882 1747 1003 1800 tantum
1016 1735 1101 1799 diem
1115 1735 1346 1799 observationes
1368 1735 1416 1798 in-

129 1844 239 1922 stituit,
249 1865 353 1930 neque
362 1865 400 1907 ea
410 1865 484 1906 cum
493 1842 562 1910 aliis
576 1842 793 1928 phaenomenis
803 1843 871 1908 aliis
882 1843 1075 1928 temporibus
1087 1842 1320 1908 occurrentibus
1332 1863 1418 1906 com-

129 1960 229 2035 parat.
289 1949 434 2014 Secunda
462 1949 567 2014 dassia
596 1949 813 2034 complectitur
841 1951 1004 2016 varietates
1033 1961 1217 2026 menstruas,
1249 1970 1320 2035 quae
1349 1971 1417 2013 sese

130 2057 322 2121 observatori
343 2078 402 2141 per
423 2055 582 2144 integrum
602 2077 741 2121 mensem
764 2067 876 2120 testum
900 2057 995 2122 maris
1021 2055 1244 2140 contemplanti
1269 2054 1415 2132 offerunt,

133 2186 283 2251 quorsum
302 2163 461 2248 pertinent
483 2173 579 2228 aestiis
602 2161 732 2248 maximi
755 2162 947 2249 minimique,
972 2164 1048 2229 item
1072 2163 1297 2227 retardationes
1322 2160 1418 2225 modb

129 2275 264 2358 majores
289 2271 386 2338 modd
406 2273 552 2338 minores.
599 2272 710 2337 Tertia
729 2271 865 2359 denique
885 2272 990 2338 classis
1005 2271 1242 2357 comprehendit
1255 2271 1418 2336 varietates

131 2401 250 2444 annuas
271 2401 310 2444 ac
329 2379 496 2466 plusquam
516 2401 647 2458 annuas,
670 2402 742 2466 quae
761 2391 935 2466 sequuntur
956 2381 1006 2444 vel
1026 2381 1127 2444 varias
1149 2379 1251 2444 Lunae
1274 2403 1293 2443 a
1317 2378 1419 2444 Terrai

130 2486 306 2564 distantias,
320 2485 371 2550 vel
385 2487 485 2564 Solis3
506 2487 557 2550 vel
570 2486 664 2552 etiam
676 2486 877 2552 luminarium
892 2487 1140 2552 declinationem.
1185 2487 1283 2551 Hanc
1297 2486 1339 2551 ob
1352 2508 1421 2552 rem

131 2594 340 2680 phaenomena
364 2594 607 2680 uniuscujusque
620 2593 727 2660 dassia
748 2594 989 2672 recensebimus,
1010 2607 1102 2681 atque
1120 2593 1277 2680 quomodo
1299 2593 1422 2682 singula

132 2723 207 2767 cum
224 2702 344 2766 theorici
358 2700 471 2766 traditi
486 2712 670 2789 congruant,
686 2701 903 2788 ostendemus(
940 2699 1008 2766 Hic
1021 2699 1107 2780 verb,
1128 2714 1163 2765 ut
1179 2703 1246 2786 jam
1260 2713 1308 2766 est
1320 2701 1422 2766 moni-

133 2823 213 2888 tum,
238 2834 258 2874 a
279 2793 564 2894 perturbationibus
587 2831 659 2896 quae
682 2832 702 2874 a
727 2810 836 2874 Terris
859 2831 896 2874 ac
918 2811 1074 2876 littoribus
1094 2811 1260 2896 provenire
1279 2823 1421 2894 possunt,

134 2923 274 2987 animum
288 2943 416 3006 prorsus
431 2921 631 2999 abstinemus,
648 2943 702 3007 eas
717 2921 859 3006 sequenti
876 2921 981 3006 Capiti
993 2935 1195 2986 reservantes.
1241 2920 1350 2986 Multo
1363 2923 1424 2988 mi·

133 3031 195 3096 niis
208 3029 287 3096 rerd
301 3031 344 3094 ad
356 3042 484 3093 rentum
498 3028 551 3092 bic
565 3029 759 3113 respicimus,
781 3027 846 3114 quo
863 3041 957 3093 aestus
970 3031 1066 3094 maris
1082 3025 1288 3096 crlm'ratione
1302 3031 1424 3117 magni-

137 3137 256 3202 tudinis
277 3134 346 3199 trim
365 3135 517 3218 temporis
535 3133 708 3219 plurimum
729 3133 811 3198 affici
832 3134 1034 3212 observatum
1056 3136 1111 3200 sed
1132 3134 1255 3201 tantiim
1271 3137 1424 3222 ejusmodi

136 3249 344 3334 plmnomena
367 3247 524 3333 explicare
545 3244 600 3310 bic
621 3245 814 3324 conabimur,
840 3267 912 3332 quoe
936 3246 1115 3311 memoratis
1138 3247 1424 3332 perturbationibus

136 3357 266 3425 minime
280 3359 343 3422 sint
356 3356 502 3421 obnoxia.

178 3471 203 3548 §.
221 3474 293 3530 100.
321 3462 419 3539 Quod
440 3463 535 3548 igitur
547 3461 592 3526 ad
605 3462 739 3546 primam
753 3463 884 3528 classem
899 3463 1018 3542 attinet,
1034 3463 1230 3549 praecipuum
1242 3464 1425 3550 phoenome·

135 3595 213 3638 num
234 3573 268 3637 in
288 3571 351 3637 hoc
373 3571 522 3649 consistit,
544 3569 634 3658 qudd
654 3572 770 3657 ubique
791 3572 825 3635 in
847 3572 1037 3657 amplissimo
1060 3595 1177 3638 oceano
1199 3574 1337 3660 quotidie
1358 3575 1426 3640 bini

135 3682 234 3747 maris
246 3682 353 3746 fluxus
366 3702 423 3744 seu
437 3679 633 3756 elevationes,
654 3678 783 3764 binique
797 3679 937 3744 refluxus
951 3702 1006 3744 seu
1021 3679 1235 3765 depressiones
1258 3683 1426 3746 observen-

137 3802 318 3876 timetque
342 3799 466 3873 tempus
488 3789 571 3852 inter
595 3788 687 3852 binos
711 3788 816 3852 fluxus
842 3790 1031 3854 successivos
1054 3791 1177 3856 circiter
1202 3799 1250 3856 12.
1273 3790 1341 3857 hor.
1363 3795 1425 3858 24'.

138 3896 402 3982 deprehendatur.
445 3897 535 3961 Huic
555 3895 631 3961 verb
651 3896 870 3980 phaenomeno,
894 3899 921 3962 si
941 3899 998 3964 ulli
1019 3900 1080 3978 alii,
1103 3923 1161 3986 per
1180 3901 1333 3966 theoriam
1351 3924 1426 3966 nos-

140 4017 223 4070 tram
235 4001 414 4087 plenissime
429 4014 476 4066 est
490 4003 689 4080 satisfactum,
712 4003 766 4067 ubi
786 4005 978 4072 ostendimus
992 4008 1161 4072 mammam
1175 4031 1266 4096 aquae
1281 4010 1426 4076 elevatio·

139 4133 214 4176 nem
235 4109 345 4174 deberi
365 4109 509 4173 mansitui
530 4110 632 4174 Lunae
652 4133 711 4196 per
727 4112 934 4178 meridianum
949 4125 1012 4178 tam
1027 4137 1121 4199 supra
1135 4113 1228 4201 quim
1249 4116 1331 4182 infra
1344 4117 1426 4182 Ter·

138 4239 225 4282 rani:
248 4239 290 4282 ex
304 4237 367 4302 quo
382 4213 454 4278 crim
469 4212 563 4280 Luna
576 4217 639 4281 uni
654 4219 847 4284 revolutione
861 4220 973 4286 diurni
987 4223 1036 4286 bis
1050 4223 1092 4287 ad
1105 4223 1243 4308 ejusdem
1257 4226 1319 4290 loci
1332 4229 1426 4292 meri·

142 4328 271 4392 dianum
285 4324 423 4410 appellat
436 4325 600 4389 intervallo
616 4329 765 4412 temporis
778 4329 900 4393 circiter
918 4339 956 4392 1‘.)
972 4329 1040 4394 hor.
1057 4334 1118 4394 24‘.
1134 4333 1309 4398 necessarii)
1323 4337 1427 4422 sequi·

139 4448 192 4500 tur
212 4435 275 4500 uni
298 4434 492 4507 revolutione
511 4434 613 4511 Lunae
627 4439 715 4500 circa·
732 4436 866 4501 Terram
879 4438 970 4502 binos
983 4441 1087 4503 fluxus
1102 4453 1189 4506 tanto
1205 4453 1344 4527 ternpore
1358 4467 1378 4508 a
1392 4467 1426 4510 se

139 4544 274 4608 invicem
288 4543 412 4608 dissitos
427 4541 503 4605 oriri
518 4541 642 4621 debere,
666 4543 928 4628 quemadmodum
942 4543 1004 4610 hoc
1019 4547 1122 4630 ipsum
1137 4548 1273 4614 calculus
1288 4564 1351 4614 tarn
1366 4574 1427 4635 pro

139 4652 306 4739 hypothesi
320 4679 410 4744 aquae
431 4656 541 4722 inertii
557 4656 699 4736 carentis,
717 4654 812 4744 quim
826 4655 960 4721 admissi
982 4657 1102 4736 inertisi,
1119 4659 1286 4726 clarissime
1307 4661 1426 4726 indica·

764 4765 784 4812 Ζ
795 4769 811 4812 2
