3284 5517
218 363 281 422 33ss
468 351 737 436 INQUISITIO
760 357 858 425 PHY
861 357 966 426 81οΑ
988 357 1040 424 IN
1063 355 1258 424 CAUSAM

212 543 334 608 aestum,
350 553 484 618 quorum
497 533 586 612 alter,
602 533 798 621 quiquidem
812 533 906 622 longi
921 545 969 600 est
982 533 1094 612 minor,
1109 555 1168 618 per
1183 531 1313 598 Fretum
1331 532 1492 612 Gallicum,

212 639 292 705 aiter
313 639 397 704 cirea
419 642 557 706 Scotiam
578 641 744 708 advehitur
764 665 806 706 ex
827 643 939 708 eodem
955 643 1085 708 Oceano
1100 642 1276 708 Atlantico:
1307 643 1351 708 ita
1371 656 1493 730 propter

211 745 402 831 singularem
426 746 568 812 littorum
592 747 801 834 quorumdam
827 751 921 814 situm
945 749 1099 814 mirabilia
1127 749 1335 834 phaenomena
1363 751 1396 814 in
1420 763 1493 814 aestu

210 854 305 918 maris
320 854 443 918 evenire
456 868 600 939 possunt.
638 855 736 932 Qubd
750 857 777 920 si
791 858 876 922 enirn
891 857 977 924 littus
992 857 1162 944 quodpiam
1176 859 1220 922 ita
1230 857 1323 924 fuerit
1337 880 1492 942 compara·-

209 974 288 1037 tum,
303 971 340 1024 ut
352 971 447 1026 aestua
461 961 496 1024 in
509 961 545 1026 id
557 961 676 1046 duplici
690 961 741 1028 viri
755 963 806 1028 vel
820 986 862 1028 ex
876 963 986 1030 eodem
1002 985 1129 1042 oceano,
1149 964 1198 1028 vel
1213 985 1253 1028 ex
1268 964 1397 1028 diversis
1412 986 1491 1028 com-

208 1069 395 1148 municetur,
417 1072 539 1138 ratione
560 1073 720 1158 temporis,
743 1097 807 1160 quo
821 1074 886 1138 bini
907 1075 958 1140 isti
972 1087 1066 1140 oestus
1081 1073 1260 1152 adveniunt,
1283 1073 1419 1162 insignes
1433 1073 1491 1138 dis·

206 1179 375 1262 crepantiae
389 1179 466 1243 oriri
478 1193 638 1264 poterunt
683 1181 767 1245 Nam
782 1183 808 1246 si
822 1203 880 1266 per
894 1193 1057 1268 utramque
1071 1181 1154 1246 viam
1167 1181 1271 1246 fluxus
1293 1181 1405 1246 eodem
1418 1192 1490 1246 tem·

204 1309 284 1372 pore
297 1287 481 1368 advehatrrr,
498 1302 593 1376 atque
607 1289 687 1355 adeo
708 1291 803 1358 simul
820 1291 959 1356 refluxus
974 1302 1158 1378 congruant,
1176 1302 1270 1356 aestus
1284 1291 1385 1354 multo
1399 1291 1490 1376 majo·

203 1419 254 1461 reo
277 1397 412 1463 existere
436 1398 606 1463 debebunt.
653 1399 710 1464 Sin
732 1411 838 1464 autern
863 1421 901 1464 eo
915 1411 1067 1484 tempore,
1094 1421 1157 1486 quo
1179 1421 1238 1484 per
1263 1399 1392 1464 alteram
1413 1399 1492 1464 viam

203 1505 307 1570 fluxus
321 1505 458 1582 advsmt,
480 1527 521 1570 ex
535 1505 632 1571 alteri
647 1505 698 1572 visi
711 1506 852 1570 refluxus
865 1505 992 1585 incidat,
1015 1519 1082 1570 tum
1099 1518 1193 1570 astus
1212 1506 1489 1570 omninodestrue-

58 1644 68 1666 ι
203 1623 256 1675 tur
276 1611 304 1676 si
325 1611 454 1698 quidem
473 1633 532 1696 per
553 1623 718 1699 utramque
738 1613 821 1678 viam
837 1635 919 1698 aqua
933 1612 1093 1699 aqualiter
1106 1613 1156 1676 vel
1177 1611 1284 1678 affluat
1297 1613 1346 1678 vel
1369 1612 1490 1678 defluat

202 1717 257 1782 Ad
278 1717 341 1782 hoc
361 1715 436 1782 verb
449 1739 515 1782 non
529 1718 643 1784 sufficit
655 1719 757 1784 amhoe
770 1721 830 1784 vim
844 1719 907 1784 sint
921 1719 1066 1806 aequales,
1089 1718 1145 1784 sed
1160 1719 1254 1784 etiam
1267 1719 1437 1804 requiritur
1457 1731 1489 1781 ut

201 1828 269 1892 hini
282 1843 378 1894 estus
392 1830 557 1894 successiri
571 1830 635 1894 sint
648 1829 794 1916 equales,
809 1829 844 1894 id
858 1828 944 1916 quod
958 1829 1061 1894 evenit
1074 1829 1101 1892 si
1124 1829 1218 1894 Luna
1231 1827 1281 1894 vel
1299 1849 1364 1892 non
1380 1827 1490 1892 haheat

200 1936 451 2016 declinationem,
474 1937 525 2002 vel
545 1937 633 2002 littus
649 1939 682 2002 in
697 1950 857 2024 oequatore
871 1936 965 2002 fuerit
977 1936 1123 2021 positum.
1169 1935 1266 2012 Quod
1281 1935 1307 1998 si
1321 1947 1426 2000 autom
1442 1935 1490 2000 ei·

200 2045 274 2110 dem
288 2044 408 2130 duplici
436 2047 720 2111 communicatione
748 2047 863 2131 positi,
893 2057 959 2112 tam
985 2047 1079 2112 Luna
1102 2045 1217 2110 habeat
1240 2045 1487 2120 declinationem,

199 2153 295 2240 quim
319 2153 406 2220 littus
430 2155 610 2220 notabiliter
634 2156 676 2220 ab
701 2168 861 2242 aequatore
882 2155 924 2220 sit
944 2169 1074 2233 motum,
1097 2169 1165 2220 tum
1187 2155 1228 2220 ob
1250 2155 1489 2242 inequalitatem

201 2261 349 2326 binorum
370 2275 504 2325 aestuum
519 2285 587 2326 sese
600 2263 841 2349 insequentium,
864 2263 971 2328 fluxus
985 2265 1119 2350 majores
1134 2287 1175 2328 ex
1189 2263 1285 2328 alteri
1300 2265 1350 2328 viri
1365 2263 1488 2328 adverti-

198 2381 296 2448 entes,
324 2368 517 2453 superabunt
540 2370 679 2434 refluxus
703 2369 842 2434 annones
867 2371 980 2436 eodem
1005 2385 1146 2456 tempore
1170 2393 1228 2456 per
1254 2370 1385 2437 alteram
1411 2371 1488 2436 riarn

197 2476 307 2555 factos,
324 2489 418 2564 atque
433 2477 496 2542 hoc
508 2477 606 2542 modo
621 2479 656 2542 in
669 2479 724 2543 tali
746 2479 851 2544 littore
866 2480 996 2568 singulis
1013 2481 1124 2546 diebus
1138 2503 1203 2545 non
1217 2480 1284 2546 bini
1296 2481 1413 2560 fluxus,
1436 2477 1486 2544 sed

200 2611 282 2654 unns
304 2600 427 2653 tantum
448 2589 588 2667 accidet3
614 2589 758 2676 hancque
779 2591 932 2656 rationem
953 2592 1068 2680 allegat
1090 2593 1262 2657 Nentonus
1287 2590 1384 2656 aestirs
1408 2591 1486 2656 illius
1613 2603 1614 2634 i

200 2699 367 2786 singularis
391 2699 556 2786 Tunquini
577 2699 744 2778 observati,
759 2701 815 2764 ubi
837 2701 864 2764 si
884 2702 977 2766 Luna
990 2704 1023 2766 in
1038 2715 1199 2790 aequatore
1212 2712 1363 2780 versatur,
1387 2699 1486 2766 nullus

196 2820 291 2872 astus
313 2809 570 2893 deprehenditur,
593 2811 642 2874 sin
663 2823 767 2874 autem
785 2811 880 2874 Luna
893 2809 1008 2876 habeat
1022 2811 1272 2890 declinationem,
1295 2811 1407 2876 unicus
1422 2823 1486 2874 tan-

196 2926 265 2978 turn
286 2913 350 2978 uni
373 2915 477 2979 Lunae
495 2915 693 2980 revolutione
707 2916 791 2981 circa
806 2915 950 2982 Terram.
997 2918 1065 2984 Nos
1079 2930 1183 2984 sutem
1197 2939 1274 2982 mox
1287 2915 1380 3004 hujus
1396 2917 1485 2980 mira·

195 3025 280 3088 bilia
290 3021 492 3108 phaenomeni
515 3024 608 3088 aliam
629 3025 729 3114 magis
752 3025 928 3090 naturalem
949 3039 1128 3115 nostreque
1148 3027 1278 3092 theorias
1297 3025 1485 3092 conformem

196 3129 406 3196 indicabimus
421 3153 557 3196 oausam.

237 3247 262 3325 §.
280 3247 352 3307 118.
374 3241 540 3306 Hactenus
556 3253 667 3304 reatum
682 3241 786 3319 maris,
802 3239 1068 3327 quemadmodum
1082 3243 1117 3308 in
1131 3243 1323 3330 amplissimo
1336 3261 1454 3306 oceano
1467 3261 1484 3302 a

196 3351 314 3416 rinhus
334 3351 376 3415 ad
391 3350 516 3416 Lunam
530 3373 568 3416 ac
583 3351 690 3416 Solem
705 3351 904 3416 tendentibus
920 3353 1123 3437 producatur,
1139 3367 1233 3442 atque
1246 3354 1333 3420 vario
1347 3352 1484 3418 littorum

197 3460 260 3524 situ
289 3457 361 3524 crlrn
392 3441 512 3524 ratione
544 3459 723 3546 quantitatis
751 3457 821 3524 nim
851 3460 1068 3526 retardationis
1096 3459 1304 3526 diversimode
1331 3459 1483 3534 turbetur,

197 3589 305 3633 sumus
328 3567 539 3653 contemplati,
563 3589 667 3653 neque
680 3589 808 3632 necesse
821 3591 889 3633 esse
903 3569 1051 3635 duximus
1066 3583 1231 3636 ventorum
1244 3569 1402 3655 marisque
1417 3587 1486 3632 cur·
1614 3631 1615 3636 ,

197 3695 287 3740 suurn
311 3675 513 3760 propriorum
538 3675 690 3739 rationem
716 3674 854 3741 habere:
888 3674 960 3742 crim
985 3679 1057 3743 satis
1082 3697 1218 3763 promun
1238 3679 1278 3744 sit
1298 3678 1484 3762 perspicere,
1614 3733 1615 3760 ,

198 3785 357 3875 quomodo
379 3785 428 3850 his
450 3786 544 3850 rebus
566 3797 660 3851 aestus
674 3788 768 3850 maris
790 3799 855 3850 tarn
870 3789 977 3876 augeri
991 3791 1042 3854 vel
1056 3790 1197 3868 diminui,
1214 3787 1308 3876 quim
1321 3785 1486 3854 accelerari
1614 3775 1615 3860 ξ

196 3897 246 3962 vel
266 3895 417 3960 retardari
439 3893 561 3959 debeat.
607 3895 755 3979 Superest
772 3895 870 3982 igitur
889 3908 925 3960 ut
947 3917 1150 3981 exponamus,
1176 3896 1334 3982 quomodo
1356 3895 1391 3959 in
1414 3891 1485 3959 satis

196 4003 302 4088 amplo
324 4014 426 4067 tractu
446 4001 551 4078 maris,
575 4003 629 4087 qui
651 4000 691 4065 ab
704 4021 825 4066 oceano
839 4003 888 4067 vel
902 4005 1031 4068 omnino
1046 4017 1093 4068 est
1114 4006 1281 4090 sejunctus,
1297 4001 1346 4068 vel
1360 4021 1418 4086 per
1431 4021 1485 4064 au-

195 4125 326 4204 gustum
347 4108 470 4177 tantrlm
491 4111 633 4175 canalem
654 4091 848 4198 conjunctas,
870 4113 1037 4197 peculiaria
1051 4125 1145 4177 aestus
1161 4135 1180 4176 a
1194 4112 1312 4176 viribus
1334 4112 1436 4175 Lmroe
1449 4125 1485 4172 ac

198 4226 280 4291 Solis
303 4227 436 4312 produci
460 4239 561 4314 queat.
610 4227 816 4311 Perspicuum
840 4227 924 4290 enirn
949 4237 1005 4304 est,
1032 4226 1058 4290 si
1081 4225 1152 4289 talis
1176 4235 1292 4289 tractus
1314 4219 1484 4288 secundrim

193 4331 426 4421 longitudinem
442 4335 524 4398 ultra
547 4343 589 4400 90
610 4333 727 4421 gradus
741 4345 857 4418 pateat,
881 4345 993 4396 aestum
1007 4332 1076 4417 pari
1090 4331 1185 4395 modo
1202 4330 1345 4418 generari
1360 4329 1483 4403 debere,

199 4465 237 4508 ac
261 4445 294 4507 in
319 4445 510 4528 amplissimo
533 4465 659 4522 oceano,
685 4444 740 4531 qui
764 4455 864 4508 totam
890 4441 1052 4507 Tellurem
1077 4441 1196 4506 ambire
1219 4441 1357 4525 ponitur.
1402 4436 1484 4502 Nam

195 4551 345 4636 quoniam
369 4552 510 4616 extensio
529 4563 615 4617 tanta
636 4565 692 4629 est,
714 4564 751 4616 ut
772 4552 854 4615 vires
879 4549 980 4615 Lunae
1002 4563 1033 4615 et
1056 4550 1137 4616 Solis
1158 4549 1192 4614 in
1214 4573 1253 4614 eo
1272 4559 1373 4616 tractu
1392 4543 1484 4610 simul

195 4661 365 4729 maximam
386 4683 423 4724 ac
445 4660 607 4726 minimam
629 4681 720 4746 aquae
746 4659 942 4726 altitudinem
966 4662 1115 4727 inducere
1137 4673 1261 4748 queant,
1286 4678 1413 4726 necesse
1438 4663 1484 4718 est
