3284 5517
396 395 588 464 FLUXUS
609 398 671 464 Ac
697 397 954 465 REFLUXUS
979 397 1139 464 Murus.
1348 403 1412 467 287

121 561 225 647 ipsum
239 565 402 630 meridiem
416 568 551 645 incidat3
573 571 644 653 ipso
658 591 784 656 quoque
797 571 939 634 meridiei
959 583 1119 636 momento
1133 571 1269 635 maxima
1284 570 1413 634 babebi-

122 673 174 736 tur
189 697 281 760 aquae
295 675 448 752 elevatio;
467 678 647 763 pariterque
660 677 689 741 si
707 679 741 743 id
756 681 879 743 eveniat
892 679 993 744 medii
1010 693 1112 757 nocte,
1128 679 1246 746 eodem
1261 681 1331 764 ipso
1345 701 1413 742 mo-

118 797 234 848 mento·
247 807 330 871 aqua
350 788 522 852 maximam
543 789 698 852 obtinebit
718 789 932 855 elevationem.
978 789 1098 854 Verdm
1114 789 1141 853 ei
1163 789 1342 874 conjunctio
1362 791 1411 853 vel

119 897 277 980 oppositio
298 897 499 963 luminarium
521 899 684 963 meridiem
709 900 759 963 vel
783 901 942 985 praecedat
966 899 1015 962 vel
1037 911 1194 985 sequatur,
1217 911 1284 962 tum
1307 899 1412 986 liunus

118 1025 183 1066 non
204 1005 238 1067 in
260 1004 366 1090 ipsum
387 1007 551 1072 meridiem
572 1009 698 1085 incidet,
722 1009 777 1072 sed
799 1009 849 1072 vel
868 1007 987 1072 tardids
1010 1009 1057 1071 vel
1086 1005 1175 1072 citids
1198 1009 1310 1084 veniet,
1338 1009 1412 1094 qiria

120 1110 215 1174 Luna
236 1111 287 1175 his
310 1113 433 1178 casibus
455 1127 603 1200 tanquam
624 1115 773 1199 primaria
792 1115 888 1179 aestirs
904 1137 997 1180 causa
1012 1115 1062 1178 vel
1081 1125 1153 1198 post
1169 1114 1216 1177 vel
1230 1127 1304 1178 ante
1318 1117 1411 1179 meri·

118 1217 203 1282 diem
226 1217 268 1283 ad
290 1221 499 1284 meridianum
523 1222 681 1309 pertingit.
727 1225 834 1308 Atque
848 1222 922 1286 hinc
938 1245 977 1286 eo
990 1221 1052 1299 die,
1076 1223 1108 1284 in
1125 1243 1217 1307 quem
1230 1223 1411 1308 sivepleni-

33 1374 37 1379 .
117 1329 242 1392 lunium
256 1331 322 1393 sive
336 1331 530 1394 novilunium
545 1331 664 1408 incidit,
680 1331 770 1395 facile
782 1332 900 1415 poterit
914 1331 1038 1394 deliniri
1052 1331 1234 1394 acceleratio
1249 1331 1298 1394 vel
1313 1345 1411 1396 retar-

118 1435 205 1499 datio
229 1435 334 1500 flnxlrs
360 1449 503 1522 respectu
525 1438 676 1503 meridiei.
733 1437 893 1503 Ponamns
915 1438 998 1502 enim
1019 1437 1212 1500 novilunium
1235 1461 1290 1502 seu
1310 1439 1411 1523 pleni-

117 1545 241 1608 lunium
255 1543 407 1609 celebrari
423 1569 446 1609 n
459 1545 547 1610 boris
562 1561 634 1611 ante
649 1547 819 1624 meridiem,
838 1547 920 1612 unde
935 1546 1007 1611 crim
1021 1560 1125 1610 motus
1141 1547 1242 1611 Lunae
1257 1551 1377 1614 medius
1391 1575 1411 1615 a

120 1655 193 1720 Sole
208 1655 340 1720 diurnus
356 1657 397 1720 sit
414 1665 477 1720 12⁰.
493 1657 626 1733 circiter,
650 1657 719 1742 ipso
733 1657 863 1720 meridie
879 1656 972 1721 Luna
986 1679 1006 1720 a
1020 1655 1192 1722 meridiano
1203 1659 1268 1742 jam
1283 1658 1411 1724 distabit

117 1803 236 1892 angulo
254 1803 383 1870 horario
398 1787 441 1934 -ἓ-
454 1806 543 1892 grad.
560 1804 666 1872 versds
688 1819 802 1883 ortum,
825 1829 866 1870 ex
884 1828 947 1894 quo
970 1805 1063 1872 Luna
1084 1819 1157 1894 post
1179 1809 1338 1872 meridiem
1355 1809 1410 1873 de·

118 2010 206 2080 ritum
220 2039 279 2102 per
293 2017 499 2082 meridianum
514 2018 667 2096 transibit,
685 2018 796 2102 elapsis
814 2000 856 2146 ἐξ
871 2016 959 2080 horis
982 2040 1036 2082 seu
1059 2025 1112 2081 211
1146 2017 1273 2081 minutis
1289 1991 1409 2102 primis.

120 2187 178 2251 Sin
194 2199 300 2251 autem
314 2189 507 2252 novilunium
523 2189 768 2275 pleniluniumve
783 2189 905 2252 accidat
919 2209 940 2250 n
956 2188 1042 2253 boris
1062 2201 1135 2273 post
1148 2189 1320 2268 meridiem,
1344 2203 1411 2254 tum

121 2294 217 2357 maris
231 2294 369 2358 maxima
390 2296 601 2362 elevatian
624 2297 751 2359 minutis
766 2310 837 2359 ante
856 2295 1017 2359 meridiem
1033 2298 1161 2362 eveniet.
1209 2297 1292 2362 Haec
1307 2311 1411 2362 autem
1483 2329 1511 2374 χ

120 2417 280 2469 momenta
293 2403 523 2468 accuratissime
538 2417 776 2492 cognoscentur,
800 2405 827 2467 si
847 2403 887 2467 ad
903 2404 1040 2490 singulos
1056 2404 1122 2467 dies
1137 2405 1284 2468 transitus
1308 2405 1412 2469 Lunae

118 2534 178 2600 per
192 2514 399 2578 meridianum
414 2527 654 2599 computentur3
675 2536 713 2577 ac
725 2523 878 2597 praeterea
893 2525 954 2575 tam
969 2526 1055 2577 ortus
1070 2511 1164 2597 quim
1179 2533 1306 2576 occasus
1321 2527 1417 2578 note-·

119 2634 182 2697 tur,
207 2619 324 2705 quippe
346 2620 460 2705 quibus
481 2619 646 2682 momentis
668 2617 914 2702 maximaaquae
930 2616 1089 2700 depressio
1105 2616 1290 2699 respondem
1313 2619 1411 2703 majo-

120 2751 189 2793 rem
214 2743 319 2792 antem
343 2729 523 2813 hujusmodi
546 2728 653 2793 tabula
678 2726 786 2792 afferet
810 2726 984 2808 utilitatem,
1012 2727 1038 2790 si
1063 2727 1191 2812 insuper
1220 2728 1329 2812 quovis
1359 2728 1411 2792 die

120 2839 269 2902 distantia
283 2837 386 2902 Lunae
400 2860 419 2901 a
434 2837 535 2901 Terrd
557 2836 732 2912 inducetur,
748 2835 865 2922 quippe
880 2859 899 2899 a
913 2833 973 2922 qui
990 2835 1092 2898 Lunoe
1107 2833 1234 2900 effeetus
1249 2834 1411 2920 praecipud

120 2945 248 3032 pendet

164 3063 187 3140 l.
205 3065 258 3121 60.
283 3056 473 3144 Congruunt
494 3056 563 3120 baec
579 3058 647 3142 jam
661 3053 802 3141 apprime
818 3077 889 3119 curn
905 3055 1184 3132 observationibus,
1210 3054 1322 3140 quibus
1338 3073 1413 3116 con·

123 3180 195 3244 stat,
211 3165 321 3229 diebus
336 3165 486 3229 novilunii
502 3163 550 3228 vel
571 3164 733 3249 plenilunii
755 3177 866 3228 aestum
881 3163 975 3226 moris
991 3162 1156 3227 accelerari
1172 3163 1197 3225 si
1218 3159 1412 3226 novilunium
1484 3229 1492 3248 Ι

122 3273 368 3361 pleniluniumve
389 3285 462 3358 post
484 3271 645 3336 meridiem
670 3271 800 3348 accidat,
827 3269 936 3334 contri
954 3269 1029 3334 verd
1052 3268 1214 3333 retardari.
1259 3265 1412 3342 Quamvis

120 3383 205 3447 enim
221 3383 263 3446 ob
284 3403 374 3470 aquoe
396 3383 539 3445 inertiam
560 3383 698 3445 maxima
719 3380 814 3443 maris
835 3379 966 3444 elevatio
986 3399 1050 3440 non
1065 3377 1254 3462 respondeat
1267 3374 1414 3460 appulsui

122 3490 223 3553 Lunae
239 3489 279 3552 ad
294 3486 511 3565 meridianum,
527 3487 581 3551 sed
597 3485 719 3550 tardids
729 3487 864 3562 eveniat,
876 3485 921 3549 uti
936 3497 1008 3570 post
1023 3483 1195 3561 docebitur,
1211 3495 1315 3548 tamen
1328 3483 1414 3547 simi·
1495 3561 1498 3568 Δ

119 3599 203 3662 libus
219 3598 341 3662 casibus
356 3597 517 3684 aqualiter
532 3595 757 3671 retardabitur3
780 3617 840 3679 pro
855 3595 988 3658 termino
1003 3594 1100 3680 igitur
1114 3593 1189 3672 fixo,
1207 3593 1233 3655 si
1252 3591 1293 3655 ad
1307 3591 1414 3654 obser·

120 3712 259 3774 vationes
275 3710 468 3793 respiciatur,
485 3730 550 3771 non
565 3709 645 3771 sumi
660 3708 752 3772 debet
767 3720 960 3772 momentum
975 3707 1127 3785 meridiei,
1144 3705 1199 3773 sed
1220 3705 1254 3770 id
1273 3727 1413 3769 momen·
1482 3727 1496 3740 ‘

119 3831 198 3894 tum,
222 3841 286 3904 quo
308 3817 335 3880 ai
358 3817 461 3880 Lunae
476 3837 548 3880 curn
566 3817 639 3880 Sole
654 3817 833 3900 conjunctio
847 3815 897 3878 vel
912 3815 1068 3899 oppositio
1084 3815 1118 3878 in
1131 3815 1235 3900 ipsum
1249 3815 1413 3880 meridiem

120 3931 241 4007 incidit,
266 3952 387 3994 summa
409 3951 499 4014 aquae
521 3929 652 3992 elevatio
673 3927 865 3991 observatur.
913 3925 987 3989 Hoc
1009 3927 1105 4012 igitur
1119 3937 1280 3989 momento
1294 3937 1411 4002 notato,

120 4039 166 4103 uti
181 4037 222 4102 ab
237 4038 275 4099 iis
289 4035 343 4121 qui
357 4034 538 4118 hujusmodi
553 4034 786 4098 observationes
799 4034 967 4096 instituunt
980 4031 1049 4095 fieri
1064 4031 1152 4109 solet,
1166 4033 1192 4096 si
1207 4031 1413 4116 plenilunium

120 4143 355 4208 noviluniumve
377 4142 427 4204 vel
450 4155 522 4204 ante
543 4141 593 4203 vel
614 4153 688 4225 post
709 4140 871 4202 meridiem
892 4137 1019 4216 incidat,
1036 4159 1158 4202 summa
1172 4139 1267 4200 maris
1282 4137 1414 4202 elevatio

122 4251 171 4315 vel
193 4247 313 4314 tardids
335 4247 384 4310 vel
407 4244 497 4309 citids
520 4247 697 4332 continget:
722 4259 753 4308 et
768 4245 895 4330 quidem
911 4245 1036 4330 syzygia
1050 4265 1124 4308 vera
1138 4267 1159 4307 n
1175 4244 1261 4308 boris
1275 4245 1323 4309 vel
1340 4257 1413 4309 ante

121 4360 283 4424 meridiem
305 4354 428 4420 eveniat
449 4353 499 4417 vel
520 4366 601 4439 post,
627 4368 691 4418 tum
707 4355 811 4418 fluxus
835 4361 893 4416 un
915 4355 1042 4430 minutis
1057 4356 1106 4418 vel
1121 4354 1241 4419 turdids
1255 4355 1304 4420 vel
1322 4354 1413 4419 citids

121 4467 281 4532 observari
300 4439 437 4528 debebit.
483 4461 589 4545 Atque
604 4460 672 4524 boec
686 4475 733 4526 est
747 4483 784 4526 ca
806 4461 875 4544 ipsu
889 4461 998 4546 regula
1012 4483 1106 4547 quam
1121 4461 1218 4525 celeb.
1235 4463 1357 4528 Cassini
1380 4464 1413 4526 in

123 4574 222 4638 Mem.
239 4569 420 4658 Academiae
444 4567 555 4654 Regioe
576 4587 636 4651 pro
653 4587 704 4629 au.
723 4573 816 4642 1710,
840 4587 880 4628 ex
896 4566 1131 4651 quamplurimis
1146 4568 1412 4632 observationibus

122 4686 205 4749 iuter
227 4705 260 4746 se
282 4680 470 4763 comparatis
492 4675 660 4750 derivavit3
678 4675 769 4760 jubet
791 4674 908 4737 seilicet
931 4696 1095 4738 numerum
1116 4675 1275 4755 horarum,
1300 4677 1413 4762 quibus

741 4781 766 4829 x
784 4787 800 4829 s
1103 4769 1107 4788 ⁹
