3284 5517
170 401 282 474 Lrnnn
298 406 481 487 Tnnrros]
525 403 769 473 PRINCIPIA
793 404 1164 474 MATHEMATICA.
1399 414 1462 477 185

213 580 445 666 Atmosphoerae
465 594 659 648 cometarum
681 585 715 647 in
736 566 888 651 descensu
910 588 1018 651 eorum
1038 585 1072 649 in
1096 586 1202 651 Solem
1217 581 1413 650 excurrendo
1428 585 1462 649 ln

168 685 297 765 enudas,
313 687 539 767 diminuuntur,
556 702 589 755 et
601 690 652 776 (ei
668 690 753 756 certe
766 669 800 755 in
812 702 902 776 purte
917 712 988 778 quae
1001 692 1106 757 Solem
1117 690 1255 777 respicit)
1268 691 1462 779 angustiores

169 795 363 859 redduntur:
386 808 418 861 et
431 790 568 862 vicissim
582 801 616 861 in
630 819 755 864 recessu
769 822 878 864 eorum
893 822 912 863 a
928 800 1011 878 Sole,
1028 800 1082 864 ubi
1092 800 1157 887 jum
1172 798 1275 863 minus
1291 808 1463 864 excurrunt

168 900 203 964 in
217 901 344 979 caudes,
358 904 565 987 ampliantur3
581 906 608 968 si
621 904 719 969 modd
731 906 942 991 phaenomena
952 926 1060 971 eorum
1073 906 1227 972 Herelius
1237 905 1322 972 recte
1332 906 1461 971 notavit.

170 1010 318 1075 Minimoe
341 1022 446 1075 eutem
470 1027 633 1098 apparent,
655 1015 711 1077 nbi
733 1014 837 1099 capita
857 1016 924 1101 jam
950 1014 1047 1079 modi
1067 1014 1109 1079 ad
1133 1014 1240 1079 Solem
1262 1006 1408 1080 calefactu
1426 1014 1461 1079 in

168 1117 285 1181 caudes
305 1117 459 1182 maximus
479 1132 512 1183 et
530 1118 775 1206 fulgentissimus
789 1122 904 1200 abiere,
921 1134 953 1187 et
970 1122 1075 1187 nuclei
1088 1118 1175 1186 fimro
1189 1122 1294 1187 forsan
1310 1124 1463 1188 crassiore

168 1237 202 1292 et
214 1228 355 1314 nigriore
368 1228 402 1290 in
416 1228 697 1312 atmospbaerarum
710 1230 852 1314 partibus
866 1230 981 1294 infimis
996 1230 1228 1295 circundantur.
1259 1230 1343 1297 Nam
1357 1230 1462 1296 firmum
1485 1229 1487 1233 ’

169 1334 272 1398 omnis
293 1332 413 1420 ingenti
435 1334 540 1398 calore
561 1336 714 1399 excitatus
734 1337 869 1401 crassior
890 1349 922 1401 et
941 1337 1061 1425 nigrior
1074 1358 1142 1401 esse
1157 1337 1245 1402 solet.
1292 1338 1345 1403 Sic
1366 1352 1462 1423 ceput

168 1432 312 1518 cometa,
328 1442 370 1505 de
383 1462 448 1528 qno
462 1443 593 1531 egimus,
609 1444 643 1507 in
657 1444 829 1531 aeqrrdibus
843 1446 953 1511 e'Sole
967 1468 1005 1511 ec
1019 1446 1120 1511 Terris
1133 1447 1287 1512 distantiis
1298 1448 1461 1513 obscurius

166 1552 316 1636 apparuit
328 1564 402 1636 post
416 1552 603 1637 petibelium
616 1574 709 1618 suum
723 1553 818 1641 quim
832 1566 934 1620 antee
972 1555 1087 1620 Mense
1101 1556 1187 1619 enim
1202 1556 1373 1621 Decembri
1388 1578 1463 1621 cnm

165 1660 266 1725 stellis
280 1662 384 1726 tertiae
396 1662 622 1749 magnitudinis
634 1661 769 1727 conferri
783 1662 912 1741 solebat,
935 1674 969 1728 et
988 1684 1095 1727 mense
1110 1662 1283 1729 Novembri
1298 1686 1369 1728 cum
1386 1665 1461 1729 stel-

168 1770 208 1835 lis
220 1772 341 1856 'primes
362 1784 395 1836 et
416 1773 575 1838 secundus.
620 1772 664 1837 Et
677 1772 732 1858 qui
749 1785 917 1858 utrumque
931 1772 1083 1849 viderent,
1106 1773 1256 1857 majorem
1278 1772 1461 1838 describunt
1588 1780 1590 1783 ’

168 1888 325 1941 cometam
352 1878 502 1962 priorem.
560 1879 645 1945 Nem
669 1878 779 1963 juvem
802 1878 928 1943 cuidem
953 1878 1213 1965 cantabrigiensi,
1246 1878 1379 1943 Novem.
1395 1888 1459 1945 119.

168 1994 292 2049 cometa
314 1982 405 2048 hicce
428 1985 500 2049 luce
519 1984 576 2049 sat
590 1985 788 2071 quantumvis
808 1984 956 2070 plumbei
977 1997 1010 2050 et
1030 1985 1151 2063 obtusi,
1167 1984 1312 2070 tequebet
1332 1985 1461 2069 Spicum

171 2090 323 2177 Virginis,
339 2102 372 2153 et
386 2090 500 2154 clarius
513 2091 651 2156 micubnt
659 2090 757 2177 quim
769 2103 888 2177 postes.
926 2092 971 2156 Et
985 2090 1177 2156 Montenero
1191 2090 1275 2155 Nov-
1283 2097 1385 2155 nost
1397 2104 1459 2157 vet.

168 2210 293 2263 comem
305 2196 479 2281 apparebat
493 2199 594 2283 major
606 2197 702 2261 stellis
716 2198 828 2282 primae
841 2196 1076 2285 magniutdinis,
1098 2198 1250 2263 existente
1265 2196 1364 2261 cendi
1379 2197 1461 2263 duo-

169 2326 243 2371 rum
257 2305 415 2391 graduum
432 2306 648 2393 longitudinis.
678 2306 737 2389 Et
755 2305 800 2371 D.
817 2308 926 2373 Storer
940 2307 1051 2384 literis,
1072 2330 1144 2393 quse
1164 2308 1199 2369 in
1212 2326 1323 2371 manus
1336 2310 1460 2372 nostras

84 2444 89 2451 ·
168 2413 321 2491 incidere,
344 2414 470 2498 scripsit
489 2427 584 2498 ceput
604 2416 671 2501 ejus
691 2436 799 2479 mense
818 2415 1001 2493 Deoemlui,
1024 2417 1079 2481 ubi
1097 2416 1229 2481 caudam
1243 2416 1413 2481 maximam
1428 2427 1461 2481 et

169 2519 810 2608 fulgentissimamemittebetzparmm.
826 2546 894 2589 esse
923 2536 955 2589 et
982 2523 1198 2611 magnitudine
1224 2524 1337 2591 risibili
1365 2522 1461 2611 longe

167 2632 279 2697 cedere
309 2650 453 2709 oometae,
483 2630 537 2717 qni
564 2652 673 2697 mense
700 2632 874 2698 Novembri
903 2645 975 2699 onte
1004 2633 1089 2700 Solis
1119 2648 1223 2699 ortum
1259 2642 1457 2719 apparuerat.

169 2744 272 2829 Cujus
294 2744 340 2809 rei
365 2741 519 2808 resonem
539 2764 608 2807 esse
628 2743 871 2828 eonJoeubatur,
895 2744 981 2831 quod
1001 2743 1131 2835 materie
1153 2743 1264 2829 capitis
1285 2744 1345 2807 sub
1369 2743 1459 2808 initio

170 2851 329 2935 copiosior
341 2863 432 2930 esset,
449 2862 482 2916 et
494 2850 646 2936 paulatim
659 2864 904 2926 consumeretur.
1159 2902 1162 2907 .

117 2971 122 2989 ·
215 2959 339 3023 Eodem
361 2972 502 3045 spectum
522 2958 657 3039 videtur,
680 2960 766 3047 qued
781 2961 885 3047 capite
897 2972 1089 3027 cometsmm
1103 2962 1245 3040 aliorum,
1269 2961 1323 3050 qui
1344 2962 1460 3028 caudas

161 3053 321 3131 'mima
342 3079 376 3132 et
395 3066 638 3153 fitlgentissimes
660 3067 842 3144 emiserunt,
865 3068 1067 3153 apparuerint
1085 3069 1277 3133 subobscura
1290 3080 1322 3133 et
1335 3070 1460 3156 erdgua.

170 3175 361 3241 Namenno
383 3184 478 3241 1666.
495 3174 594 3241 Marc
605 3182 640 3247 ,6.
654 3185 694 3239 st.
708 3196 782 3240 nov.
795 3173 876 3239 hori
891 3174 1022 3259 septimi
1040 3174 1214 3260 vespertini
1231 3176 1273 3240 R.
1289 3176 1327 3241 Ρ.
1343 3175 1461 3239 Volen-

168 3280 252 3347 tinus
275 3280 451 3358 Estancim,
476 3281 619 3345 Brasiliae
644 3304 752 3369 egens,
773 3291 930 3346 cometam
950 3280 1029 3345 vidit
1049 3280 1203 3347 horizonti
1224 3281 1404 3365 proximum
1418 3283 1472 3363 ad

168 3413 317 3457 occasum
339 3392 422 3457 Solis
443 3391 629 3473 brumalem,
652 3393 754 3479 cupite
775 3392 906 3459 minimo
927 3404 960 3457 et
980 3393 1035 3457 vix
1056 3394 1236 3477 conspicuo,
1260 3392 1360 3459 cendi
1385 3390 1461 3459 verb

168 3496 264 3582 sopri
278 3497 410 3564 modum
422 3497 573 3587 fulgente,
588 3512 625 3566 ut
639 3511 756 3567 stantes
777 3500 813 3564 in
834 3498 939 3563 littore
954 3499 1089 3583 speciem
1105 3501 1171 3585 ejus
1186 3522 1204 3563 e
1218 3498 1297 3563 mari
1312 3499 1461 3563 reflexam
1483 3582 1486 3589 Α

169 3605 261 3694 facili¹
281 3619 455 3672 cernerent.
484 3609 645 3693 ,Speciem
664 3608 775 3695 utique
788 3608 927 3675 habebat
940 3608 1036 3673 trabis
1051 3609 1242 3694 splendentis
1264 3606 1476 3701 longitudine⁸

168 3720 210 3778 23
225 3712 393 3800 graduum,
407 3714 448 3778 ab
462 3716 626 3789 occidente
639 3715 672 3781 in
687 3727 830 3781 austrum
843 3736 987 3803 uergens,
1002 3728 1035 3781 et
1052 3715 1207 3781 horizonti
1221 3714 1287 3781 iere
1301 3716 1460 3801 peralleln.

18 3901 21 3936 ν
55 3864 58 3869 -
168 3818 291 3885 Tantus
305 3833 411 3888 autem
432 3822 581 3908 splendor
601 3834 665 3887 tres
687 3821 791 3889 schim
806 3823 875 3889 dies
897 3823 1041 3903 durebet,
1055 3824 1187 3891 subinde
1212 3824 1391 3891 notabiliter
1405 3825 1461 3891 de·

168 3950 329 4007 crescens;
350 3944 383 3997 et
402 3932 523 3997 interes
544 3931 745 3997 decrescente
759 3930 927 4017 splendore
941 3940 1033 4004 aucte
1051 3942 1099 3997 est
1119 3931 1341 4027 magnitudine
1350 3932 1460 4014 cunda.

168 4039 266 4107 Unde
281 4042 376 4107 etiam
397 4042 431 4107 in
454 4041 616 4109 Lusitanis
636 4053 782 4129 quartem
800 4040 867 4106 fere
886 4042 958 4107 coeli
973 4056 1096 4127 purtem
1115 4042 1161 4129 (id
1183 4053 1239 4119 est,
1263 4039 1381 4128 gradus
1404 4040 1460 4123 te)

165 4168 335 4231 occupasse
343 4148 458 4213 dicitnr
469 4150 510 4213 ab
521 4149 684 4215 occidente
697 4149 731 4213 in
741 4148 895 4213 orientem
905 4148 1071 4234 splendore
1084 4172 1155 4214 cum
1166 4148 1281 4236 insigni
1295 4160 1460 4233 portensa3

164 4276 226 4319 nec
238 4266 344 4321 tamen
357 4267 425 4322 tota
437 4259 592 4343 apperuit,
604 4258 708 4343 cupite
721 4279 845 4344 semper
862 4257 896 4321 in
909 4257 959 4323 his
973 4258 1156 4346 regionibus
1170 4255 1251 4322 iniri
1263 4256 1461 4335 horizontem

164 4361 376 4428 delitescente.
414 4364 467 4428 Ex
481 4365 674 4430 incremento
689 4364 798 4428 cnndoe
813 4374 846 4429 et
860 4362 1060 4429 decremento
1075 4364 1249 4450 splendoris
1263 4362 1461 4427 manifestum

164 4482 222 4548 est,
250 4468 337 4555 quod
362 4481 456 4555 ceput
481 4494 501 4535 e
525 4472 599 4537 Sole
621 4472 759 4548 recessit,
781 4471 873 4557 eique
894 4472 1075 4556 proximum
1093 4472 1152 4536 fuit
1171 4472 1269 4551 initio,
1294 4492 1354 4558 pro
1373 4493 1461 4537 more

30 4617 36 4627 ·
168 4588 302 4641 cometae
316 4577 391 4640 anni
407 4584 502 4642 1680.
540 4576 584 4643 Et
597 4576 631 4641 in
649 4575 809 4643 Chronico
826 4575 984 4643 Santonico
999 4578 1107 4641 similis
1122 4578 1238 4665 legitur
1251 4587 1373 4642 cometa
1387 4581 1462 4642 anrti

169 4694 264 4753 1106.
285 4686 367 4771 ocyus
387 4682 475 4753 stelle
497 4697 566 4753 erat
580 4708 685 4771 parua
698 4696 728 4752 ct
743 4686 868 4753 οὸεαινα
890 4690 939 4772 (ut
959 4683 1013 4753 ille
1026 4682 1101 4751 anni
1118 4686 1226 4769 1680.)
1248 4688 1301 4753 sed
1321 4689 1461 4771 splendor
