3284 5517
524 370 593 437 ET
613 368 870 437 REFLUXUS
893 365 1054 437 MARIS.
1298 445 1305 461 l
1368 382 1431 445 287

135 541 330 607 macularum
351 542 439 609 lovis
460 543 501 609 ab
522 544 707 609 astronomis
729 541 908 607 observatas
928 541 1004 606 hino
1023 538 1127 628 aliqui
1147 539 1258 606 saltem
1276 563 1318 607 ex
1336 559 1429 631 parte

136 666 241 715 ortum
263 651 393 730 ducere;
417 652 502 740 quod
521 654 547 718 si
564 653 614 717 hae
632 653 820 717 mutationes
836 674 905 715 eam
919 652 1097 738 analogiam
1115 674 1240 716 servare
1255 652 1429 737 depreben-

137 760 251 824 dantur
274 782 346 825 cum
369 760 543 845 aspectibus
567 759 746 837 satellitum‚·'
768 760 867 847 quam‘
883 757 953 822 haeo
973 758 1121 822 doctrina
1136 758 1283 843 postulat,
1310 762 1428 827 indicio

136 870 196 933 erit
220 890 326 935 veram
351 890 459 933 earum
482 881 607 933 causam
626 868 700 931 hinc
719 889 787 932 esse
807 865 986 953 petendam.
1032 864 1085 929 Ex
1105 864 1167 929 hec
1189 864 1331 930 doctrinis
1354 866 1428 934 licet

81 1002 86 1009 ·
136 1003 260 1067 quoque
275 980 427 1066 conjicere
441 1002 505 1045 non
519 974 637 1069 absque
652 978 791 1054 utilitate,
815 990 919 1041 motus
934 975 1102 1041 satellitum
1117 977 1202 1040 eirca
1216 1000 1291 1040 axes
1307 1000 1380 1042 suos
1396 993 1429 1045 et

136 1088 220 1151 cirea
242 1088 406 1173 primarios
428 1087 472 1151 ita
489 1087 677 1178 compositos
697 1105 764 1151 esse
782 1095 817 1149 ut
834 1084 918 1147 idem
932 1082 1179 1168 hemispherium
1190 1084 1254 1148 suis
1268 1086 1426 1169 primariis

136 1219 259 1281 semper
281 1196 455 1275 ostendant,
479 1196 651 1263 secundum
672 1198 857 1261 sententiam
878 1194 976 1261 celeb.
1001 1207 1262 1273 astronomorum.
1308 1200 1426 1265 Verisi-

7 1378 11 1382 ,
135 1307 211 1371 mile
230 1306 313 1371 enim
334 1318 382 1371 est
403 1318 506 1371 motus
520 1306 614 1371 maris
628 1306 740 1369 nimios
755 1304 986 1389 in'satellitibus
1001 1304 1077 1367 cieri
1090 1304 1209 1381 deberi,
1232 1306 1260 1368 si
1279 1328 1349 1373 oum
1366 1308 1427 1374 alii

135 1414 244 1503 quivis
265 1414 427 1481 velocitate
449 1404 531 1481 circa
552 1404 627 1481 axes
649 1438 722 1481 suos
742 1415 993 1491 revolverentur3
1016 1415 1105 1501 aquis
1120 1428 1225 1479 antem
1244 1416 1278 1479 in
1294 1415 1345 1482 his
1359 1420 1426 1507 agi-
1504 1451 1509 1464 ι

14 1527 17 1536 ’
135 1524 238 1589 tendis
254 1525 292 1610 (si
308 1544 379 1611 quse
394 1525 468 1606 sint)
484 1523 625 1589 sufficere
638 1536 771 1610 possunt
785 1535 881 1589 reatus
897 1545 938 1588 ex
952 1523 1046 1587 variis
1062 1522 1230 1589 satellitum
1244 1524 1397 1591 distantiis
1407 1550 1427 1591 a

137 1634 201 1701 suis
216 1636 371 1720 primariis
385 1634 538 1706 oriundis,

646 1890 832 1967 SECTIO
859 1890 927 1965 IV.

188 2080 240 2142 De
253 2086 332 2143 motu
347 2078 440 2142 maris
454 2075 599 2161 putenm
612 2099 649 2139 ea
663 2088 743 2143 motu
759 2078 892 2141 Tartaru
905 2079 1018 2143 diarria
1030 2079 1138 2142 aliisae
1153 2080 1191 2143 de
1205 2080 1302 2142 causis
1316 2080 1372 2141 im-

713 2198 854 2251 aarum.

182 2380 384 2445 Ostendimus
404 2382 437 2444 in
459 2382 603 2447 Sectione
621 2381 812 2466 praecedenti
833 2382 971 2446 Terram
984 2382 1115 2446 fluidam
1130 2380 1238 2447 versiae
1254 2382 1361 2447 Solem
1374 2382 1425 2446 vel

137 2488 263 2553 Lunam
284 2489 457 2574 inreqaliter
478 2510 605 2575 gravem
627 2489 812 2573 sphaeroidis
827 2489 974 2577 oblongae
989 2488 1124 2576 liguram
1145 2492 1278 2556 induere
1292 2490 1424 2566 deberat

136 2595 224 2679 eujus
244 2596 312 2657 axis
334 2606 526 2658 transversus
546 2616 604 2677 per
624 2607 766 2659 centrum
784 2594 946 2661 luminaris
967 2606 1053 2658 uan-

140 2700 224 2778 siret,
250 2701 276 2763 si
300 2700 402 2764 Terra
420 2712 491 2764 'non
514 2701 725 2765 revolveretur
745 2702 827 2765 circa
844 2722 935 2764 axem
964 2722 1056 2764 suum
1274 2684 1308 2740 ‘3‘

136 2820 225 2871 motu
237 2808 368 2884 diurno;
390 2821 422 2872 et
433 2831 595 2872 ascensum
609 2831 700 2895 aquae
714 2810 747 2871 in
761 2806 927 2894 hypothesi
942 2807 1054 2872 Terrae

137 2916 323 3001 quiescentis
347 2938 387 2979 ex
405 2916 435 2979 vi
446 2970 448 2975 ,
461 2915 542 2981 Solis
558 2917 726 2981 oriundum
739 2915 946 2979 definivimus.
990 2914 1055 2979 Ve-

137 3023 207 3087 nim
223 3024 264 3088 ob
278 3036 399 3089 motum
414 3023 525 3093 Terra
540 3022 662 3088 diversa
675 3036 723 3087 est
736 3023 815 3087 ratio
833 3020 927 3087 aestha
936 3108 939 3111 ἦ
948 3022 1051 3087 maris.
1105 3033 1137 3092 Κ

64 3164 66 3169 ·
139 3131 227 3196 Hinc
241 3132 325 3196 enim
339 3154 420 3217 aqua
433 3153 593 3218 nunquam
608 3132 644 3195 lit
659 3132 691 3195 in
706 3131 891 3218 aequilibrio,
912 3131 967 3195 sad
979 3154 1053 3217 per-

136 3240 239 3323 petuis
264 3240 400 3303 motibus
423 3239 567 3325 agitatur.
637 3240 857 3325 Supponamus
889 3240 995 3305 Solem
1023 3251 1055 3306 et
1279 3242 1281 3249 ’

138 3346 262 3411 Lunam
288 3348 469 3431 conjunctos
494 3346 543 3415 vel
569 3348 729 3431 oppositos
754 3350 869 3414 versari
897 3349 931 3411 in
957 3348 1054 3434 plano
1135 3271 1386 3516 Aah

136 3454 302 3539 aequatoris
318 3452 348 3515 A
361 3453 449 3517 Bab
457 3476 466 3529 ;
482 3454 522 3517 sit
533 3454 592 3518 Aa
606 3454 757 3519 diameter
772 3478 842 3541 quaa
854 3478 914 3542 per
927 3455 1053 3520 illorum
1096 3470 1125 3536 1,

137 3576 244 3627 ⁰0⁰1?st
273 3562 393 3639 transit,
426 3562 454 3627 B
476 3562 498 3627 b
526 3561 601 3629 hnic
630 3564 906 3649 perpendicularis.
964 3564 1054 3644 Dum
1134 3522 1387 3779 'W'

136 3689 227 3753 aquae
241 3669 339 3732 moles
354 3670 523 3735 revolvitur
541 3685 628 3736 motu
651 3672 774 3751 diurno,
798 3685 953 3760 augentur
971 3672 1052 3737 vires
1124 3629 1209 3755 EQ

137 3774 252 3860 quibus
265 3796 413 3841 mensus
429 3779 495 3863 ejus
509 3791 711 3862 promovetur
729 3781 762 3844 in
780 3782 912 3845 transitu
927 3804 1017 3867 aquae
1034 3804 1054 3845 a
1171 3764 1263 4180 P!
1285 3815 1289 3828 ,

136 3880 213 3945 locis
228 3879 250 3943 b
264 3893 295 3947 et
309 3883 388 3949 Bad
405 3886 434 3950 A
450 3897 482 3950 et
496 3908 524 3964 a,
548 3899 579 3951 et
600 3889 632 3951 in
647 3888 696 3952 his
711 3888 787 3953 locis
802 3889 939 3954 evadunt
952 3890 1053 3953 maxi-

135 4008 215 4064 mae3
239 4010 385 4055 ascensus
400 4004 504 4057 tamen
521 4016 613 4079 aquae
632 3998 797 4083 prorogari
814 3996 947 4074 videtur,
967 4008 1054 4080 post·

14 4092 20 4102 ’
136 4097 230 4185 qulam
246 4100 297 4163 hae
316 4101 396 4166 vires
415 4104 514 4167 minui
532 4118 693 4189 ooeperunt
716 4128 814 4192 usque
831 4106 896 4170 fere
919 4107 960 4169 ad
981 4105 1052 4170 loca

135 4206 191 4270 nbi
214 4204 265 4270 hae
286 4207 368 4303 vires
390 4208 593 4295 aequipollent
607 4211 724 4274 viribus
740 4212 852 4299 quibus
868 4209 1054 4296 deprimitur

134 4310 216 4376 hsta
230 4314 426 4379 altitudinem
441 4338 535 4401 quam
549 4319 732 4384 naturaliter
747 4319 911 4397 obtineret,
928 4321 954 4384 si
968 4317 1054 4384 nulli
1156 4354 1163 4361 ·

134 4422 166 4485 ri
196 4420 343 4485 extranei
371 4435 473 4486 motus
503 4446 592 4511 aquae
620 4426 877 4510 perturbaretnr3
917 4427 997 4492 adeb
1024 4438 1074 4493 ut·

135 4534 238 4595 motus
259 4554 349 4619 aquae
371 4532 562 4613 considerari
583 4538 683 4619 possit
704 4550 856 4625 tanquam
885 4539 1073 4617 libratorius,
1099 4550 1131 4603 et
1154 4537 1337 4603 tantundem
1363 4530 1428 4598 fert

134 4636 285 4799 rependat
298 4642 415 4707 viribus
430 4644 544 4729 quibus
559 4645 699 4710 elevatur
713 4646 972 4728 decrescentibus,
985 4646 1078 4735 quim
1089 4645 1427 4716 iisdeihcresoentibua.

195 4760 233 4798 or.
247 4745 304 4799 111.
824 4755 842 4803 Β
871 4800 874 4803 ,
