3284 5517
232 367 300 425 aas
407 323 411 336 “
487 357 756 437 1uQu1s1r10
779 355 985 424 ruvs1cn
1008 355 1060 422 ru
1084 355 1280 426 oausam

232 533 308 598 verb
323 533 428 618 ipsum
441 532 612 598 discrimen
626 553 699 596 cum
713 529 836 596 neoris
851 529 960 595 exacte
975 529 1121 596 convenit
1128 551 1138 607 ς
1151 529 1185 592 in
1199 528 1342 613 pluribus
1357 529 1443 593 enim
1456 551 1533 615 por-

232 643 328 706 tubus
351 653 446 706 aestus
469 640 625 705 maximos
649 655 682 705 et
704 641 851 705 minimos
877 641 919 705 ad
942 641 1097 704 calculum
1120 641 1343 718 revocavimus,
1369 652 1466 727 atque
1492 661 1532 704 cx

232 748 383 813 relatione
406 770 516 813 eorum
539 748 724 812 relationem
746 749 829 813 inter
851 747 934 812 vires
959 747 1062 810 Lunae
1086 767 1123 810 ac
1149 747 1230 812 Solis
1255 747 1531 835 investigavimus,

231 853 369 940 hincque
388 852 544 938 perpe-tud
565 853 698 918 eandem
712 851 778 917 fere
792 853 949 918 rationem
971 853 1149 916 inter'vires
1167 853 1248 918 Solis
1267 873 1304 916 ac
1319 852 1422 917 Luuae
1438 854 1532 918 abso·

231 964 313 1028 lutas
338 963 511 1041 elicuimus,
538 961 805 1048 quemadmodum
830 962 864 1025 id
889 961 962 1026 fecit
988 959 1162 1026 Newtonus
1186 983 1228 1026 ex
1257 961 1531 1028 observationibus

233 1073 375 1141 Bristolii
398 1086 430 1138 et
452 1074 647 1161 Plymouthi,
669 1095 728 1138 nos
744 1074 868 1138 veroin
885 1073 985 1138 Portu
1000 1074 1122 1138 Gratite
1136 1073 1296 1152 institutis,
1318 1075 1531 1140 conclusiom'-

233 1182 292 1247 bus
311 1180 443 1246 mirifice
464 1183 548 1246 inter
568 1205 603 1246 se
623 1183 888 1270 congruentibus:
912 1182 1012 1268 qualis
1028 1203 1197 1247 consensus
1211 1182 1352 1268 profectu
1366 1174 1530 1270 expectari

232 1311 297 1353 non
318 1301 435 1373 posset,
459 1289 485 1353 si
506 1287 631 1353 theoria
644 1289 767 1353 veritati
784 1309 851 1352 non
865 1301 945 1352 esset
959 1301 1177 1354 consentanea.
1223 1289 1335 1378 Neque
1349 1293 1446 1356 etiam
1462 1293 1532 1358 aliae

232 1396 364 1461 theoriae
378 1393 482 1460 adhuc
497 1395 671 1479 productae,
688 1395 863 1481 cujusmodi
878 1407 952 1459 sunt
967 1395 1104 1475 Galilaei,
1122 1395 1263 1461 Wallisii
1276 1409 1371 1484 atque
1384 1400 1530 1478 Cartesii,

231 1505 286 1591 qui
299 1525 427 1567 causam
442 1502 652 1586 inpressione
668 1502 771 1568 Luuae
784 1499 958 1580 collocavit,
974 1501 1049 1568 huic
1062 1503 1272 1587 phaenomeuo
1286 1504 1424 1589 perfecte
1441 1509 1531 1572 satis·

232 1614 361 1689 faciunt,
379 1611 436 1675 sed
449 1607 555 1695 potitis
567 1609 698 1696 promtis
713 1622 906 1678 evertuntur,

274 1733 299 1810 t.
318 1735 390 1792 104.
424 1725 580 1801 Quintum
602 1723 835 1810 phoenomeuon
860 1727 892 1790 in
917 1724 980 1788 hoc
1002 1723 1161 1803 consistat,
1187 1723 1273 1812 qubd
1296 1727 1389 1790 unius
1410 1725 1530 1790 mensis

230 1835 396 1900 intervallo
418 1833 549 1898 maximi
568 1846 663 1898 aestus
676 1854 742 1896 non
756 1833 818 1897 sint
832 1833 865 1910 ii,
890 1833 945 1918 qui
956 1833 1118 1898 novilunia
1133 1854 1170 1896 ac
1191 1832 1364 1928 plenilunia
1381 1832 1529 1919 proxime

234 1945 453 2030 insequuntur,
477 1943 534 2009 sed
556 1952 718 2030 sequentes
733 1943 818 2008 tertii
833 1943 950 2008 scilicet
964 1942 1087 2007 circiter
1102 1944 1152 2006 vel
1174 1944 1286 2030 quarti,
1310 1943 1470 2030 similique
1484 1945 1532 2006 iu·
1629 1987 1630 1992 κ

231 2055 362 2120 tervallo
376 2068 471 2119 aestus
488 2055 610 2118 minimi
624 2055 752 2120 demum
766 2067 839 2140 post
849 2053 1055 2143 quadraturas
1067 2054 1263 2142 contingunt
1302 2055 1411 2138 Hujus
1422 2067 1530 2118 autem
1629 2095 1630 2098 =

232 2163 438 2252 phaenomeni
452 2165 533 2229 ratio
547 2167 581 2229 in
596 2174 620 2250 t.
636 2174 689 2235 97.
704 2165 802 2231 fusids
818 2180 866 2232 est
879 2168 1032 2252 exposita,
1048 2167 1104 2230 ubi
1118 2167 1321 2246 ostendImus,
1337 2165 1412 2231 edm
1436 2180 1529 2231 aeaus

232 2287 305 2340 ante
327 2275 469 2362 syzygias
490 2275 664 2340 incidentes
684 2289 788 2369 'essent
809 2275 956 2355 minoreS,
979 2277 1151 2340 maximam
1171 2275 1236 2340 vim
1257 2279 1277 2339 a'
1298 2275 1372 2341 Sole
1387 2287 1418 2338 et
1435 2275 1528 2340 Luni

233 2395 336 2446 ortam
357 2403 422 2445 non
444 2380 549 2448 subitd
571 2397 683 2448 aestum
705 2385 877 2448 maximum
899 2384 1076 2469 producere
1096 2383 1209 2463 valere,
1234 2381 1290 2448 sed
1303 2381 1426 2448 tantdm
1443 2405 1529 2448 mare

232 2491 274 2556 ad
296 2515 368 2556 eum
391 2505 506 2557 statum
526 2492 694 2558 solicitare.
741 2491 825 2558 Cdm
844 2493 941 2581 igitur
961 2505 1035 2577 post
1049 2495 1190 2579 syzygias
1205 2493 1251 2556 vis
1266 2505 1378 2556 aestum
1392 2493 1529 2557 efficiens

233 2600 421 2664 sensibiliter
442 2623 508 2664 non
529 2601 701 2678 decrescat,
724 2614 818 2664 aestus
835 2600 1006 2664 etiamnum
1027 2613 1099 2682 post
1113 2591 1176 2663 hoc
1190 2611 1314 2683 tempus
1337 2599 1530 2664 incrementa

235 2708 348 2789 capiet,
365 2718 459 2792 atque
474 2706 546 2770 ideo
561 2707 689 2771 demum
702 2718 775 2791 post
790 2706 931 2793 syzygias
947 2705 1002 2770 flet
1015 2705 1188 2782 maximus3
1205 2706 1376 2792 similisque
1390 2721 1439 2772 est
1450 2707 1528 2773 ratio

236 2809 454 2876 diminutionis
475 2825 618 2890 aestuum,
642 2835 714 2898 quae
728 2813 900 2876 etiamnum
918 2825 991 2897 post
1005 2810 1211 2899 quadraturas
1226 2814 1409 2902 contingere
1423 2817 1526 2892 debet,

232 2920 277 2984 itu
291 2935 326 2984 ut
340 2934 434 2984 aestvu
448 2921 570 2984 minimi
584 2905 712 2985 demhtn
726 2933 800 3006 post
810 2921 1017 3007 quadraturas
1028 2920 1180 2985 evariant,
1219 2921 1413 3008 Hujusmodi
1424 2937 1527 2988 autem

232 3026 460 3091 retardationes
483 3025 651 3091 effectuum
674 3049 693 3091 a
713 3026 832 3090 viribus
854 3027 887 3090 in
907 3025 1027 3090 mundo
1049 3025 1255 3090 existentibus
1277 3029 1526 3112 provenientium

233 3137 374 3223 quotidie
397 3136 523 3202 abunde
544 3137 743 3223 experimur:
766 3137 808 3201 ob
831 3136 964 3201 similem
985 3137 1069 3200 enim
1089 3137 1243 3201 rationem
1265 3137 1395 3224 siugulis
1416 3136 1525 3202 diebus

233 3251 406 3314 maximum
421 3251 557 3315 calorem
571 3272 637 3315 non
651 3250 770 3337 inipso
783 3248 914 3312 meridie
930 3249 1090 3326 sentimus,
1106 3247 1227 3342 etiamsi
1248 3246 1311 3311 hoc
1326 3261 1467 3332 tempore
1482 3247 1526 3312 vis

236 3362 318 3428 Solis
340 3362 523 3430 calefaciens
546 3364 614 3428 sine
635 3361 734 3427 dubio
755 3362 796 3425 sit
815 3361 963 3438 maxima,
986 3359 1041 3423 sed
1062 3359 1188 3423 demum
1208 3357 1329 3444 aliquot
1348 3358 1433 3423 horis
1455 3369 1526 3444 post

234 3468 409 3547 meridiem,
432 3481 526 3556 atque
547 3480 678 3554 propter
692 3468 826 3532 eandem
842 3489 968 3531 causam
982 3487 1087 3552 neque
1102 3464 1225 3530 solstitii
1246 3464 1346 3528 aestivi
1367 3479 1525 3530 momento

234 3581 390 3644 maximus
412 3579 498 3644 calor
520 3602 643 3644 annuus
664 3580 806 3657 sentitur,
832 3601 934 3666 neque
958 3591 1100 3663 tempore
1124 3575 1246 3642 solstitii
1268 3576 1405 3662 hyberni
1426 3577 1523 3667 frigus
1557 3581 1559 3588 ’

234 3709 402 3765 summum,
419 3689 475 3752 sed
489 3700 657 3774 utrumque
670 3686 850 3752 notabiliter
864 3685 992 3753 tardiris.
1067 3703 1074 3716 '

277 3800 301 3877 §.
321 3802 392 3859 105.
417 3796 549 3858 Sextum
562 3796 793 3880 phaenomenon
808 3795 842 3857 in
856 3794 919 3859 hoc
932 3797 1088 3882 ponimus,
1112 3795 1198 3883 qubd
1212 3809 1370 3872 momenta
1383 3783 1524 3863 fluxuum

234 3913 376 3986 tempore
400 3901 597 3989 syzygiarum
619 3903 719 3966 multo
743 3901 879 3966 strictius
902 3901 1045 3968 ordinem
1067 3918 1173 3969 tenere
1195 3906 1410 3984 observantur,
1434 3905 1524 3993 quim

148 4096 156 4106 ,
235 4009 319 4073 circa
340 3999 556 4096 quadraturas
601 4010 670 4075 Hic
692 4009 768 4075 verb
788 4024 862 4075 aute
885 4015 990 4076 onmia
1012 4013 1323 4079 animadvertendum
1346 4029 1394 4081 est
1415 4016 1525 4104 praeci-

235 4135 333 4202 puum
348 4119 527 4184 sensibilem
541 4119 729 4184 anomaliam
749 4121 783 4184 iu
806 4123 973 4186 momentis
988 4137 1122 4186 aestuum
1136 4121 1210 4187 inde
1225 4125 1378 4213 originem
1392 4126 1523 4201 trahere,

235 4225 322 4310 qudd
343 4226 414 4327 haee
433 4241 593 4293 momenta
613 4251 655 4294 ex
676 4242 818 4316 tempore
832 4231 926 4296 solari
947 4244 1040 4318 atque
1055 4255 1074 4295 a
1088 4255 1163 4296 vero
1182 4234 1312 4299 meridie
1327 4257 1381 4299 seu
1397 4235 1524 4300 transitu

240 4335 324 4399 Solis
338 4358 396 4421 per
410 4337 619 4404 meridianum
634 4341 755 4406 soleant
769 4343 955 4428 computari,
978 4339 1050 4406 crim
1065 4365 1103 4407 ea
1123 4341 1227 4430 potitis
1242 4367 1262 4407 a
1275 4344 1408 4407 transitu
1427 4343 1525 4406 Lunae

234 4465 293 4530 per
313 4445 523 4510 meridianum
544 4448 712 4532 pendeant.
744 4450 858 4527 .Qu‹*›d
873 4451 898 4514 si
914 4463 1017 4514 autem
1032 4451 1073 4515 ad
1086 4450 1145 4515 has
1159 4451 1390 4516 observationes
1405 4462 1523 4534 tempus

235 4553 345 4616 lunare
360 4575 379 4615 a
393 4554 526 4618 transitu
550 4555 652 4618 Lunoe
673 4577 731 4640 per
750 4557 958 4620 meridianum
973 4557 1218 4641 computandum
1233 4557 1427 4636 adhibeatur,
1451 4559 1523 4620 irre·

236 4661 419 4749 gularitates
430 4676 616 4748 apparentes
626 4664 796 4727 maximam
809 4677 931 4748 partem
945 4677 1139 4742 evanescent,
1154 4663 1215 4729 hoc
1230 4662 1305 4729 verb
1318 4663 1418 4729 multi>
1429 4662 1533 4754 magis
