3284 5517
212 390 276 449 222
514 384 578 451 DE
601 384 756 451 CAUSA
781 382 1000 449 ΡΗΥὸΙΟΑ1
1015 382 1207 449 FLUXUS

211 557 367 623 distantiae
381 559 421 623 ab
437 582 507 635 axe,
523 572 554 623 et
569 560 649 623 vires
661 554 778 644 'quibus
794 568 950 644 urgentur
964 553 1072 621 versis
1086 556 1218 642 planum
1232 554 1410 643 sequuturis,
1431 554 1515 625 sunt'

212 666 253 729 ad
268 690 301 730 se
316 666 458 753 invicem,
474 680 510 731 ut
524 667 649 731 illamam
663 664 821 729 distantiae
835 664 877 727 ub
892 662 954 727 hoc
966 662 1072 747 plano.

256 776 327 841 Cor.
342 783 373 839 2.
399 775 615 859 chroesentet
630 776 662 839 A
678 773 741 836 vim
757 772 819 857 quai
836 768 989 853 sphaerula
1004 781 1096 854 urget
1111 768 1297 851 particulam
1311 771 1343 833 in
1359 772 1427 837 axis
1441 784 1503 837 tcr·

212 885 298 949 mino
314 885 345 950 A
360 886 460 964 sitam,
486 886 514 951 B
536 886 600 950 vim
619 884 681 971 qui
704 882 792 947 idem
815 881 951 947 solidum
966 894 1057 969 urget
1076 881 1264 967 particulam
1280 883 1356 949 Bin
1370 885 1503 951 circum·

211 992 340 1057 ferentii
356 993 463 1058 circuli
479 992 573 1057 medii
595 984 675 1056 iuter
695 991 727 1057 A

111 1168 116 1181 ,
210 1100 433 1185 etapositam3
447 1112 587 1167 sumatur
600 1101 631 1164 K
646 1101 726 1165 llud

213 1248 245 1313 K
258 1248 296 1328 C,
309 1264 345 1313 ut
360 1210 629 1383 Dii-Aede—Ill’
652 1250 726 1335 jan·

209 1436 303 1511 gatar
315 1423 343 1488 P
353 1422 394 1501 tt,
410 1434 442 1487 ct
454 1422 608 1509 particula
620 1423 648 1487 P
659 1437 726 1489 teu·
776 1428 780 1443 '

210 1534 264 1598 det
279 1530 604 1618 versissphaeroiclem
616 1534 727 1599 inrec·
771 1532 807 1599 Α
834 1586 837 1591 .

210 1653 243 1704 ta
269 1640 355 1717 PR,
382 1640 412 1703 vi
436 1662 507 1725 quas
528 1639 602 1705 huic
632 1654 725 1706 rectae

211 1768 335 1833 semper
344 1760 391 1812 est
398 1748 648 1833 proportionalis.
670 1750 727 1815 Vis

211 1856 295 1919 euim
311 1854 372 1941 qui
387 1856 539 1939 particula
550 1857 584 1920 D
599 1873 727 1945 urgetur

212 1960 319 2029 versis
339 1975 481 2028 centrum
502 1963 604 2042 solidi,
627 1980 673 2030 est
687 1967 727 2031 ml

213 2070 254 2148 Β,
270 2082 305 2135 ut
322 2070 350 2135 C
366 2070 455 2135 Ded
472 2072 500 2137 C
516 2070 556 2148 B,
571 2094 636 2156 per
652 2074 727 2141 Cor.

213 2178 434 2244 a.Lem.111.
481 2179 630 2245 Similiter
643 2185 689 2247 vis
710 2186 770 2272 quai
795 2187 945 2272 particula
970 2188 1002 2251 K
1023 2200 1153 2275 urgetur
1177 2186 1286 2253 versus
1311 2188 1403 2253 solidi
1427 2208 1514 2251 cetu·

218 2300 305 2353 trum
320 2287 422 2353 estad
437 2290 479 2365 A,
502 2302 538 2354 ut
560 2290 589 2354 C
606 2291 638 2355 K
660 2292 700 2357 ad
724 2294 809 2359 CA.
856 2297 964 2373 Quare
978 2316 1037 2379 per
1051 2292 1183 2360 lemma
1197 2294 1257 2359 1v.
1272 2295 1318 2359 vis
1333 2295 1394 2379 qui
1409 2292 1508 2379 parti·

213 2396 284 2463 cula
299 2396 328 2461 P
342 2408 475 2484 urgetur
489 2398 664 2464 secundum
679 2416 798 2467 rectam
819 2404 846 2468 P
862 2404 894 2468 K
910 2405 962 2468 axi
975 2404 1150 2467 normalem
1163 2416 1211 2469 est
1225 2403 1267 2467 ad
1283 2404 1356 2480 vim,
1376 2404 1437 2487 quir
1453 2424 1519 2466 ur··

1057 2508 1508 2611 nasamonas,

212 2555 305 2633 getur
320 2540 495 2608 secundrlm
511 2532 629 2609 rectum
646 2546 673 2611 P
688 2548 723 2613 D
738 2550 789 2613 uxi
804 2548 994 2633 parallelum,
1011 2562 1219 2675 ιιι-ὀ-Β-
1347 2610 1376 2673 C
1393 2612 1426 2673 Α
1498 2593 1507 2621 2

215 2715 504 2801 adeoqueutPK
528 2730 554 2783 ><
579 2718 805 2785 KleCK
831 2734 857 2786 κ
882 2717 1350 2785 KR.i.e.utPLatl·Kll
1372 2740 1413 2781 ex
1434 2739 1510 2782 oon·

217 2823 398 2887 structione.
447 2823 555 2898 Quare
569 2826 722 2908 particula
746 2827 773 2891 P
793 2841 923 2914 urgetur
935 2826 1108 2893 secuudum
1124 2840 1240 2891 rectam
1262 2826 1349 2902 Pli,
1372 2824 1421 2889 lais
1436 2826 1510 2891 viri·

218 2930 279 2995 bus
300 2930 484 3015 conjunctis,
507 2942 539 2995 et
560 2932 607 2995 vis
627 2935 800 3018 composita
822 2948 870 2999 est
882 2934 925 2998 ad
940 2934 979 3011 B,
1005 2948 1039 2999 ut
1051 2931 1089 3010 ‚P
1106 2932 1135 2997 R
1150 2932 1192 2996 arl
1214 2932 1243 2997 B
1259 2932 1298 2996 C.
1342 2928 1419 3005 Quo
1434 2930 1510 2997 veris

217 3056 311 3132 pacto
325 3042 407 3107 vires
423 3044 457 3107 A·
470 3054 502 3105 et
517 3042 546 3107 B
560 3046 736 3129 computari
750 3046 882 3129 possint,
898 3044 1013 3131 postea
1019 3043 1229 3109 ostendemus.

259 3306 263 3315 Ι
323 3217 976 3323 PROPOSITIOle-THEOREMA
999 3212 1406 3283 FUNDAMENTALE.
1486 3234 1490 3244 ’

268 3364 399 3429 Constet
420 3364 571 3449 sphaerula
594 3369 624 3429 A
642 3366 671 3431 Β
692 3367 747 3431 ab
768 3368 899 3432 materia
918 3366 1026 3443 liuida,
1054 3368 1143 3452 cujus
1163 3363 1325 3451 particular
1347 3358 1454 3425 versits
1475 3379 1511 3423 se

222 3472 333 3537 mutuo
348 3484 520 3559 urgeantur
533 3473 651 3539 viribus
666 3474 699 3537 in
713 3475 835 3539 inversis
851 3473 1007 3559 duplicati
1023 3474 1145 3537 ratione
1157 3470 1374 3535 distentionum
1387 3465 1512 3529 decras-

223 3578 386 3657 cenabam
407 3592 565 3669 aguntque
586 3580 678 3645 simul
700 3582 771 3647 dure
786 3582 868 3646 vires
882 3595 1037 3645 extranee
1058 3580 1093 3643 in
1113 3578 1252 3667 singulas
1265 3575 1354 3640 fluidi
1375 3573 1517 3659 panucu-

224 3690 280 3766 lus,
303 3710 434 3775 quarum
448 3690 545 3754 altera
559 3690 667 3755 tendat
680 3688 789 3754 versus
805 3703 947 3754 centrum
962 3688 1158 3774 sphaeroidis,
1181 3688 1284 3772 sitquc
1298 3704 1424 3769 semper
1438 3702 1512 3782 pro-

224 3796 407 3881 portionalis
428 3796 582 3861 distantiis
601 3797 825 3881 particularum
845 3798 886 3860 ab
906 3797 969 3861 lroc
987 3813 1113 3872 ceutro3
1136 3794 1235 3859 altera
1248 3806 1321 3881 agat
1340 3787 1514 3855 secundulus

228 3918 326 3971 rectas
345 3908 399 3971 axi
438 3908 529 3972 solidi
551 3908 725 3993 parallelas,
749 3908 851 3993 sitque
871 3928 995 3990 semper
1014 3903 1255 3990 proportionalis
1269 3899 1423 3966 distantiis
1442 3918 1516 3983 par·
1537 3914 1543 3925 ·

155 4040 158 4047 ·
226 4012 426 4077 ticulartuna
447 4014 542 4099 plano
565 4014 629 4079 Bb
650 4016 702 4079 axi
717 4014 869 4090 normuli3
892 4014 963 4077 etsi
984 4014 1150 4076 serni-axes
1167 4011 1195 4075 C
1210 4009 1252 4086 Α,
1276 4009 1304 4073 C
1321 4008 1350 4073 B
1371 4006 1516 4089 ellipseos

228 4122 430 4209 generatricis
445 4125 508 4188 sint
523 4124 654 4189 inversa
668 4124 917 4209 proportionales
933 4123 1055 4187 viribus
1065 4124 1148 4199 totis,
1172 4144 1244 4209 quaa
1259 4132 1358 4208 agrmt
1372 4118 1404 4181 iu¹
1420 4116 1517 4203 parti·

231 4228 317 4294 culus
332 4230 467 4315 equales
482 4230 515 4295 in
530 4234 677 4296 extremis
691 4234 798 4296 axium
814 4231 985 4316 paractis-A
999 4243 1031 4293 et
1047 4230 1076 4293 B
1091 4230 1175 4306 sitas,
1197 4229 1258 4293 erit
1271 4240 1373 4291 totum
1386 4223 1519 4289 fluidum

229 4337 264 4401 iu
278 4338 465 4422 aequilibrio.

277 4445 325 4512 Ut
346 4435 415 4511 lraec
439 4442 617 4533 Propositio
639 4443 917 4534 nustra'primaria
930 4447 1099 4511 clarissime
1115 4447 1356 4519 demonstretur,
1376 4436 1522 4503 ostende·

230 4575 301 4619 mus
324 4555 479 4639 unprimis
501 4555 565 4618 vim
587 4556 788 4641 compositam
804 4576 846 4619 ex
860 4555 1011 4641 gravitate
1030 4552 1192 4639 particulae
1207 4550 1341 4635 cujusvis
1357 4547 1432 4612 Pet
1443 4542 1523 4607 dua·

229 4664 291 4729 bus
304 4660 424 4727 viribus
439 4664 606 4741 extraneis,
624 4685 748 4749 semper·
762 4684 856 4751 agere
869 4663 903 4726 in
917 4662 1000 4727 recti
1017 4662 1048 4743 P
1059 4663 1099 4739 L,
1123 4682 1194 4748 quoe
1206 4672 1256 4725 est
1268 4658 1311 4722 ud
1324 4651 1521 4741 superficiem
