3284 5517
454 373 646 478 rauxus
669 411 730 476 ac
753 408 1007 478 aaruuxus
1030 409 1188 476 Maura.
1398 416 1457 474 sn

179 592 271 675 pulsa
290 593 332 656 ad
351 593 449 658 latera
469 593 612 659 diffluere
625 596 744 681 nequit,
767 597 795 659 si
815 595 942 681 quidem
957 595 1042 660 sinus
1058 590 1174 658 directe
1188 589 1296 656 versils
1310 611 1380 654 eam
1393 587 1461 673 pla·

180 723 253 786 gam
274 715 387 787 pateat,
413 703 497 767 unde
517 726 598 790 aqua
618 704 791 770 advehitur.
815 695 820 703 ¹
837 705 889 768 Ex
901 703 951 768 his
965 705 1061 791 igitur
1076 722 1140 766 non
1155 703 1256 767 solum
1271 701 1350 764 ratio
1363 707 1460 783 patet,
1509 705 1511 710 '

180 831 237 872 cur
257 822 338 894 aqua
358 808 422 874 lere
437 811 552 896 ubique
567 813 608 875 ad
621 811 727 878 littora
746 813 787 877 ad
807 813 907 876 multo
927 813 1077 897 majorem
1098 811 1293 876 altitudinem
1314 808 1460 884 elevetur,

179 914 273 1002 qurim
294 917 328 978 in
348 917 452 980 medio
473 920 562 996 mari,
585 917 641 983 sed
662 921 756 983 etiam
777 941 834 984 cnr
857 919 995 984 Bristolii
1017 931 1079 982 tam
1102 917 1236 982 enormis
1251 917 1355 979 fluxus
1377 913 1460 976 circa

179 1025 320 1112 syzygias
334 1026 533 1091 luminarium
546 1029 743 1105 observatum
769 1029 841 1093 crim
856 1030 938 1094 enim
952 1030 985 1092 in
1000 1029 1059 1094 haic
1073 1029 1201 1116 regione
1214 1027 1300 1091 littus
1315 1025 1356 1089 sit
1368 1021 1459 1088 valde

182 1133 345 1196 sinuosum
358 1155 394 1196 ac
408 1134 568 1212 vadosum,
584 1157 665 1222 aqua
677 1137 813 1202 maximd
828 1138 858 1200 vi
876 1136 1052 1222 appellitur,
1075 1157 1177 1222 neque
1191 1136 1232 1199 ob
1248 1135 1461 1198 sinuositatem

180 1250 246 1301 tam
260 1236 325 1303 citri
338 1237 478 1303 diffluere
492 1253 603 1324 potest.
648 1243 755 1328 Atque
768 1265 808 1306 ex
828 1242 878 1306 his
898 1243 1059 1329 principiis
1074 1263 1138 1306 non
1153 1241 1213 1306 erit
1226 1239 1350 1305 difficile
1365 1238 1460 1302 ratio-

79 1380 82 1384 <
178 1368 253 1410 uem
266 1345 521 1411 inconsuetormn
534 1361 676 1427 umam,
691 1351 745 1435 qui
758 1349 873 1434 passim
887 1351 921 1414 in
935 1351 1028 1414 variis
1041 1348 1194 1433 portubus
1208 1345 1460 1411 animadvertun-

178 1468 242 1531 tur,
268 1453 408 1518 indicare
430 1467 523 1541 atque
547 1457 722 1542 explicare3
754 1459 957 1544 quamobrem
979 1458 1072 1542 hujus
1097 1458 1221 1544 generis
1245 1453 1460 1540 phoenomenis

179 1559 372 1644 explicandis
393 1560 511 1626 diutids
530 1583 596 1626 non
616 1562 830 1642 immoramur,
852 1561 925 1628 ciam
939 1562 1144 1628 consideratio
1158 1561 1297 1626 littorum
1312 1571 1344 1624 at
1356 1556 1460 1624 fluxile

179 1688 271 1752 squoe
285 1670 325 1729 ed
340 1680 452 1750 sponte
465 1669 554 1753 quasi
566 1668 765 1735 manuducat.

222 1782 247 1858 §.
265 1784 336 1842 116.
360 1777 513 1852 Quamvis
526 1789 629 1840 autem
643 1789 707 1842 tam
719 1776 855 1842 affluxus
869 1799 959 1864 aquia
972 1799 1014 1842 ex
1029 1777 1158 1844 Oceano
1172 1775 1344 1853 Atlantico,
1365 1771 1460 1861 quim

179 1885 319 1947 refluxus
338 1905 396 1968 per
412 1884 540 1948 Fretum
555 1884 692 1949 Galliam
710 1886 754 1948 ab
774 1885 891 1972 anglis
912 1886 1070 1964 dirimens,
1092 1887 1211 1974 ingenti
1224 1886 1280 1950 liat
1294 1884 1459 1960 celeritate,
1530 1939 1535 1956 ,

178 2005 288 2071 tamen
310 1990 382 2056 crim
403 1989 510 2056 versus
532 1991 678 2079 Belgium
698 1992 884 2057 foederatum
903 2015 990 2058 mare
1003 2015 1078 2058 mox
1093 1993 1290 2057 vehementer
1302 1992 1460 2068 dilatetur,

179 2105 219 2168 ab
232 2105 295 2167 isto
309 2104 431 2168 alterno
444 2105 533 2168 fluxu
548 2125 585 2167 ac
599 2105 722 2168 refluxu
734 2105 866 2170 altitudo
884 2106 978 2169 maris
993 2107 1026 2169 in
1042 2104 1170 2171 Oceano
1186 2104 1376 2170 Germanico
1391 2123 1462 2166 sen-

179 2213 308 2278 sibiliter
328 2213 442 2277 mutari
462 2214 580 2300 nequit.
626 2213 732 2299 Atque
752 2213 834 2277 hanc
859 2214 900 2278 ob
925 2235 1050 2277 causam
1071 2213 1163 2277 statui
1190 2223 1322 2298 oportet,
1346 2211 1379 2275 in
1400 2209 1462 2274 hoc

180 2322 259 2386 mari
281 2335 392 2387 aestum
414 2322 570 2408 proficisci
590 2323 758 2386 maximam
772 2334 894 2406 partem
909 2322 949 2385 ab
964 2321 1082 2386 effluxu
1095 2332 1127 2385 et
1140 2322 1262 2385 refluxu
1276 2341 1366 2405 aquoe
1380 2319 1463 2382 circa

181 2433 331 2509 Scotiam,
354 2432 409 2496 ubi
429 2430 668 2496 communicatio
687 2429 781 2516 hujus
800 2430 896 2494 maris
921 2451 994 2494 cum
1019 2429 1149 2495 Oceano
1174 2427 1334 2493 Atlantico
1362 2426 1462 2490 multo

179 2540 278 2623 major
291 2549 390 2622 patet3
404 2559 498 2623 quam
512 2537 695 2601 sententiam
710 2557 904 2624 magnopere
916 2535 1080 2600 confirmat
1094 2535 1205 2623 ingens
1219 2547 1351 2598 cesarum
1366 2545 1463 2598 retar-

183 2643 271 2708 datio
293 2643 336 2706 ad
355 2645 460 2708 littora
483 2641 585 2730 Belgii
605 2656 638 2707 et
658 2642 786 2730 Anglioe
805 2643 967 2708 orientalia
980 2642 1159 2707 observata:
1183 2641 1225 2704 ad
1245 2639 1323 2706 ostia
1345 2639 1463 2704 scilicet

181 2748 340 2812 Thamisis
353 2747 504 2835 pertingit
512 2747 617 2812 fluxus
626 2748 739 2833 elapsis
748 2750 814 2833 jam
826 2747 991 2813 duodecim
1005 2747 1091 2812 horis
1104 2745 1350 2832 posttransitum
1361 2745 1463 2810 Lunae

180 2878 239 2940 per
251 2855 472 2932 meridianum,
488 2866 580 2942 atque
595 2855 776 2920 Londinum
786 2877 885 2940 usque
895 2855 995 2920 tribus
1004 2853 1069 2919 fere
1079 2854 1165 2918 horis
1180 2851 1298 2918 tordius
1309 2851 1463 2946 defertur,

182 2961 269 3047 quod
289 2960 520 3044 phoenomenon
542 2961 709 3026 consistere
729 2982 794 3024 non
814 2973 920 3046 posset
940 2961 966 3025 si
988 2983 1068 3046 aqua
1082 2979 1139 3044 per
1160 2961 1289 3024 Fretum
1305 2957 1463 3024 Gallicum

180 3068 285 3132 solum
300 3081 490 3146 moveretur,
503 3066 574 3132 crim
580 3069 648 3154 jam
657 3068 690 3131 in
700 3069 770 3152 ipso
780 3068 875 3132 Freto
888 3066 1052 3132 duodecim
1066 3066 1152 3130 horis
1166 3065 1463 3130 retardeturfluxus.

184 3176 316 3240 Interim
338 3189 443 3240 tamen
465 3176 574 3262 negari
597 3198 661 3240 non
683 3186 786 3261 potest
799 3175 883 3262 -quin
905 3175 1143 3240 communicatio
1165 3175 1266 3242 Maris
1283 3174 1463 3239 Germanici

181 3307 255 3349 curn
267 3287 399 3352 Oceano
409 3259 570 3352 Atlantico
581 3309 639 3372 per
655 3287 784 3351 Fretruu
799 3285 956 3350 Gallicum
971 3298 1080 3350 aestrrm
1095 3283 1325 3370 quodammodo
1340 3283 1462 3360 afficiat,

182 3407 276 3479 atque
289 3394 411 3458 fluxum
425 3395 478 3479 qui
493 3395 576 3457 circa
591 3393 727 3458 socom
741 3391 905 3456 adadritur
919 3391 968 3456 vel
982 3391 1107 3476 adjuvet
1119 3390 1168 3456 vel
1183 3391 1297 3467 turbet,
1319 3401 1414 3474 prout
1428 3388 1463 3452 hi

182 3497 275 3565 ambo
289 3513 392 3564 motus
406 3501 447 3565 ad
461 3521 548 3564 mare
562 3499 746 3564 elevandum
759 3521 797 3562 ac
810 3497 1049 3583 deprimendum
1063 3497 1112 3560 vel
1125 3497 1225 3584 magis
1240 3495 1321 3560 inter
1336 3518 1371 3560 se
1386 3518 1460 3560 con-

28 3623 41 3642 ·
79 3696 83 3702 .
182 3609 302 3692 spirent
315 3609 365 3674 vel
378 3611 492 3676 minus.
537 3609 637 3674 Simul
651 3620 754 3673 autem
767 3606 841 3672 hinc
856 3607 1038 3694 intelligitur
1047 3619 1158 3672 aestum
1171 3606 1265 3670 maris
1280 3627 1321 3669 ex
1334 3604 1463 3670 Oceano

185 3715 344 3778 Atlantico
364 3738 466 3802 neque
486 3737 559 3780 cum
580 3715 666 3780 Mari
688 3714 922 3780 Mediterraneo
936 3735 1038 3800 neque
1052 3735 1123 3778 cum
1139 3712 1225 3778 Mari
1244 3711 1364 3775 Baltico
1379 3733 1464 3775 com·

182 3823 335 3887 municari
356 3846 456 3908 posse,
480 3822 553 3887 edm
565 3822 727 3888 intervallo
742 3845 797 3887 sex
811 3822 960 3886 horarum
974 3843 1031 3906 per
1047 3821 1142 3884 Freta
1157 3817 1318 3882 Herculea
1332 3829 1363 3881 et
1379 3816 1460 3882 Ore-

183 3930 314 3994 sundica
322 3923 442 3994 tantuin
452 3953 543 4017 aquae
553 3932 586 3994 in
595 3931 665 3995 haec
675 3930 775 3993 maria
782 3951 884 4014 neque
893 3928 1020 3992 affluere
1029 3938 1123 4012 queat
1129 3945 1230 4010 neque
1241 3923 1313 3987 inde
1322 3923 1463 4002 refluere,

182 4037 378 4101 utsensibilia
392 4041 522 4103 mutatio
535 4040 568 4102 in
583 4038 747 4104 altitirdine
761 4059 851 4124 aquae
860 4038 935 4102 oriri
949 4049 1050 4123 queat.
1081 4034 1295 4111 Quamobrem
1308 4033 1341 4096 iu
1356 4032 1461 4095 istius·

182 4142 270 4207 modi
289 4143 427 4206 maribus
441 4164 513 4228 quae
526 4166 546 4207 a
559 4157 647 4210 vasto
660 4165 778 4209 oceano
798 4156 920 4208 tantum
934 4141 1073 4229 angustis
1087 4139 1172 4205 fretis
1187 4151 1378 4225 separantur,
1402 4161 1462 4203 aes·

150 4286 153 4301 =
183 4265 234 4315 tus
249 4252 379 4316 omnino
391 4252 496 4315 nullus
511 4255 690 4341 contingere
711 4267 822 4338 potest,
845 4255 904 4317 nisi
924 4253 1003 4317 forte
1017 4251 1090 4318 talia
1103 4252 1201 4317 maria
1215 4252 1324 4318 Terris
1344 4247 1464 4313 inclusa

184 4357 253 4443 ipsa
265 4372 331 4422 tam
346 4358 409 4422 sint
422 4359 536 4442 ampla,
552 4371 591 4424 ut
602 4361 684 4424 vires
700 4361 782 4424 Solis
795 4379 833 4423 ac
848 4359 950 4424 Luuae
963 4371 1073 4423 aestum
1087 4358 1276 4443 peculiarem
1290 4356 1324 4420 in
1338 4351 1376 4419 iis
1389 4375 1465 4440 pro·

184 4465 300 4529 ducere
313 4478 445 4552 queant;
466 4466 527 4551 quis
542 4465 630 4529 dere
645 4488 722 4530 mox
735 4465 918 4530 videbimus.
954 4510 960 4521 ·
1240 4519 1243 4528 .

226 4579 252 4654 t.
270 4582 341 4642 117.
365 4572 640 4660 Quemadmodum
661 4587 764 4638 autem
785 4573 918 4640 vidimus
940 4574 973 4639 in
996 4574 1081 4640 Mari
1098 4574 1287 4670 Germanico
1308 4571 1465 4658 duplicem
