3284 5517
167 376 282 443 Lrnnn
297 374 482 455 Tnarrna]
530 369 774 440 PRINCIPIA
796 366 1169 439 MATHEMATIOA.
1284 458 1287 461 Ι
1402 377 1462 439 tol

165 547 246 617 nihil
267 546 387 633 patitur
407 566 450 611 cx
470 562 641 630 corporum
662 543 818 608 motibust
839 540 895 607 illa
915 540 1034 607 nullam
1049 543 1189 607 rendunt
1202 542 1409 607 resistentiam
1423 564 1465 608 ex

168 652 422 742 omnipraesentil
450 648 514 717 dai.
574 650 683 718 Deum
711 672 871 717 summum
898 649 1075 715 necmsario
1103 652 1237 733 existere
1263 650 1296 715 in
1321 651 1465 716 confesso

38 777 40 782 ·
168 778 233 833 ast:
263 776 296 831 et
323 761 435 831 etnam
462 763 648 830 necesitate
676 784 791 846 semper
818 772 867 829 ast
896 774 929 827 et
956 762 1074 847 ubique
1139 760 1238 827 Unde
1261 762 1355 825 etiam
1380 740 1470 827 totus¹

168 885 218 941 ast
230 875 280 939 sui
296 870 417 953 similis,
437 881 526 939 totus
545 873 666 950 oculus,
682 884 768 937 totns
788 872 884 951 auris,
900 884 985 939 totns
999 873 1175 951 cerebrum,
1191 884 1278 937 totus
1289 872 1473 951 brachium·
1609 894 1610 901 ¹

34 1065 37 1073 ι
168 993 255 1047 totas
274 980 323 1047 vis
343 980 511 1059 mutendi,
539 979 747 1068 intelligendi,
768 991 803 1045 ct
822 978 949 1069 agendi,
974 980 1031 1045 sed
1051 1000 1140 1045 more
1160 980 1289 1045 minimi
1313 980 1462 1059 humano,
1587 1012 1590 1019 ,

166 1112 258 1157 mora
285 1088 416 1195 minimi
450 1107 616 1175 corporeo,
651 1108 742 1154 more
769 1088 865 1155 nobis
898 1106 1030 1174 prorsus
1055 1087 1225 1179 incognito.
1286 1090 1335 1159 Ut
1363 1104 1466 1157 caeorrs

167 1222 234 1267 non
254 1201 353 1267 habet
371 1200 477 1267 ideam
491 1201 643 1281 colonum,
665 1201 710 1267 sic
728 1219 789 1266 nos
808 1200 912 1267 ideam
934 1220 999 1265 non
1020 1201 1172 1269 habemns
1193 1202 1372 1281 modorum,
1396 1204 1468 1291 qui·

167 1313 229 1377 bns
253 1312 334 1382 deos
362 1312 609 1398 sapientissimus
634 1312 732 1376 sentit
751 1323 784 1377 et
810 1310 958 1399 intelligit
982 1313 1097 1376 omnia.
1149 1312 1295 1397 ¹Corpore
1318 1313 1405 1379 omni
1434 1324 1467 1379 et

170 1418 274 1507 figura
296 1418 449 1504 oorpoeea
469 1440 604 1505 prorsus
623 1418 815 1498 destituitur,
836 1412 972 1505 ideoque
994 1417 1094 1484 videri
1114 1438 1179 1485 non
1200 1430 1315 1507 potest,
1337 1439 1398 1486 nac
1411 1440 1468 1486 au-
1518 1424 1520 1429 ’

37 1543 41 1551 ’
170 1509 243 1606 aar
266 1549 326 1593 nec
348 1529 446 1616 angi,
467 1547 529 1593 nec
548 1529 608 1594 mu
629 1528 735 1615 spana
752 1529 799 1594 ra
820 1528 953 1615 ancujus
967 1544 1129 1615 exposa
1141 1530 1205 1595 ¹aar
1225 1530 1329 1599 uuae
1374 1530 1469 1595 raes

168 1634 321 1701 habemus
342 1636 663 1723 andbutorumcjus,
684 1636 741 1701 sed
761 1635 839 1723 qnid
861 1637 902 1703 tit
924 1638 971 1703 rei
992 1637 1124 1725 alicujus
1146 1638 1320 1705 substantia
1337 1637 1468 1706 minimi

37 1763 43 1777 ’
168 1742 398 1829 cognoscimus.
453 1741 605 1807 Videmus
627 1742 751 1808 tantdm
774 1764 944 1828 corporum
966 1743 1088 1832 liguros
1110 1756 1145 1809 et
1165 1744 1295 1825 coloreo
1322 1742 1469 1811 andimus

43 1870 48 1882 ·
167 1850 295 1920 tantdm
314 1869 420 1930 sonos,
448 1850 607 1939 tangimus
631 1850 754 1918 tanttlm
778 1848 961 1938 superficias
982 1866 1138 1934 externas,
1166 1854 1331 1921 olfacmrus
1353 1854 1467 1923 odores

168 1956 267 2037 solua,
281 1970 315 2024 at
326 1969 490 2046 gastrum
504 1977 651 2045 sapores
672 1959 801 2027 intimas
812 1960 1002 2026 snbstantias
1015 1962 1107 2026 nullo
1119 1982 1223 2041 sensu,
1242 1961 1329 2027 nulli
1345 1964 1471 2028 acdona
1495 1984 1497 1993 ·

34 2093 37 2152 p
168 2068 287 2134 reflexi
311 2068 550 2157 mgnoscimus3
581 2080 615 2134 ct
637 2068 738 2133 mutto
763 2066 869 2135 minda
891 2068 995 2133 ideam
1019 2066 1173 2137 babemus
1197 2069 1381 2135 substantie
1404 2068 1468 2134 dei.

169 2173 274 2241 Hunc
295 2174 515 2263 cognoscimus
536 2173 734 2239 solmrnodo
754 2194 813 2259 par
826 2175 1035 2261 proprietates
1049 2175 1115 2261 q'ns
1129 2186 1161 2240 at
1175 2176 1334 2254 attributa,
1357 2186 1389 2241 et
1410 2196 1469 2261 per

38 2310 42 2319 ·
168 2282 413 2370 sapientissimas
426 2294 461 2347 et
471 2281 608 2367 optimas
620 2302 727 2346 rernm
741 2295 912 2348 structuras
927 2294 959 2347 et
972 2301 1084 2349 mosas
1097 2280 1218 2362 finales,
1230 2294 1264 2349 et
1276 2282 1469 2349 admiramur

171 2393 215 2457 ob
233 2389 463 2477 perfectionem
485 2410 675 2455 veneram
694 2400 801 2455 antur
821 2401 856 2455 et
876 2388 1008 2455 colimus
1030 2390 1076 2455 ob
1094 2390 1279 2457 dominium.
1326 2390 1470 2457 Colimus

170 2502 256 2565 enlm
275 2509 313 2566 nt
333 2496 429 2575 servi,
449 2506 482 2563 et
496 2495 577 2563 deu
589 2496 660 2563 sina
671 2496 823 2575 dmtinio,
837 2494 1046 2581 provideant,
1069 2510 1101 2563 et
1116 2498 1216 2564 causis
1230 2498 1377 2565 finalibus
1391 2498 1472 2563 nilril

169 2606 258 2676 alind
278 2616 326 2674 ast
346 2601 443 2691 quim
463 2602 747 2671 ammonitum
792 2604 827 2671 A
846 2600 930 2669 cent
944 2603 1129 2671 noecasitatc
1149 2605 1375 2694 metaphysicd,
1396 2628 1471 2695 qum

167 2717 277 2803 utique
297 2716 410 2784 eadem
429 2726 480 2783 eat
500 2698 626 2801 semper
646 2727 679 2779 et
699 2706 831 2802 ubique
849 2713 938 2779 nulla
958 2714 1059 2779 oritm
1078 2732 1185 2781 rerum
1198 2716 1338 2781 variatio.
1385 2716 1470 2783 Tota

167 2846 277 2892 rernm
298 2822 498 2892 conditarum
517 2844 582 2908 pro
599 2821 678 2888 locis
690 2843 729 2887 ac
742 2820 938 2907 tnnporibna
953 2819 1129 2899 diversitas,
1145 2821 1185 2887 ab
1198 2822 1288 2901 ideis,
1310 2835 1344 2889 et
1358 2822 1471 2889 volun·

168 2931 340 3003 retemta
359 2928 538 2997 necessario
560 2928 723 2995 mutantis
744 2928 943 3007 solummodo
965 2927 1051 3007 oriri
1063 2929 1177 3014 potnit.
1221 2930 1350 2996 Dicitur
1363 2943 1470 2997 autam

35 3083 36 3087 =
169 3042 248 3107 deus
270 3039 536 3127 perallegoriam
556 3039 673 3118 videre,
696 3039 817 3118 audire,
839 3038 938 3126 loqui,
960 3038 1075 3117 ridere,
1101 3062 1216 3119 amaro,
1243 3040 1318 3105 odio
1339 3040 1467 3119 habere,

123 3151 128 3159 “
168 3170 296 3234 cupere,
311 3147 399 3227 dare,
416 3146 569 3232 accipere,
585 3147 735 3236 gaudere,
750 3148 853 3226 nand,
869 3168 1023 3236 pugnare,
1038 3146 1202 3229 fabricare,
1226 3151 1372 3229 condere,
1395 3172 1471 3215 con-
1598 3190 1601 3205 «

35 3319 37 3340 1
168 3267 300 3321 strumo.
335 3254 431 3320 'Nam
453 3276 560 3319 sermo
580 3252 684 3321 omnis
704 3255 746 3320 de
766 3254 863 3320 deos
876 3252 970 3319 rebus
988 3255 1134 3320 humanis
1155 3278 1214 3341 per
1234 3256 1471 3323 similitudinem

174 3366 314 3451 aliquam
328 3363 513 3442 desumitur,
528 3384 594 3429 non
607 3363 778 3450 perfectam
792 3362 931 3452 quidem,
947 3364 1004 3431 sed
1017 3364 1184 3452 aliqualem
1198 3377 1316 3431 tamen.
1344 3367 1388 3433 Et
1401 3366 1471 3433 haec

169 3474 211 3540 de
225 3474 311 3550 Deo,
325 3472 367 3537 de
380 3494 446 3560 qno
459 3470 568 3558 utique
582 3492 624 3537 ex
638 3470 856 3557 phoenomenis
866 3470 1029 3551 dauers,
1041 3471 1084 3537 ed
1097 3471 1329 3560 philosoplnom
1342 3484 1470 3538 natura-

168 3582 232 3647 lem
246 3580 394 3665 pertinet.

227 3688 397 3755 Hactenus
420 3684 631 3774 phaenomena
653 3684 807 3753 coelorum
831 3697 864 3753 ct
888 3686 985 3753 marir
1009 3685 1110 3753 noatn'
1131 3706 1190 3771 par
1214 3686 1279 3751 vim
1307 3686 1470 3775 gravitatis

35 3821 37 3824 ·
167 3793 312 3879 exposui,
329 3794 386 3859 sed
400 3816 529 3861 causam
542 3792 704 3882 gravitatis
718 3792 863 3861 nondum
877 3794 1043 3881 assignavi.
1089 3792 1202 3859 Oritur
1216 3793 1326 3880 utique
1340 3792 1410 3861 hec
1423 3796 1471 3859 vis

169 3926 190 3967 a
211 3904 305 3968 causi
326 3904 441 3990 aliqui,
465 3926 537 3992 quae
558 3916 704 3991 penetrat
717 3904 760 3969 nd
773 3926 873 3979 usone
889 3916 997 3969 centra
1015 3902 1098 3969 Solis
1120 3914 1152 3967 et
1172 3902 1381 3989 planetarum,
1404 3905 1472 3971 sine

168 4014 293 4079 virtutis
308 4012 517 4080 diminutione
525 4039 535 4092 3
558 4036 693 4102 quaeque
707 4026 774 4103 agrt
787 4036 854 4079 non
868 4035 928 4100 pro
943 4012 1117 4101 quantitate
1130 4014 1352 4098 mperficierum
1373 4014 1472 4099 parti·

170 4124 323 4203 cularum,
345 4124 381 4187 in
401 4146 480 4211 quas
502 4125 569 4212 agit
590 4129 640 4212 (ut
662 4124 765 4189 solent
786 4146 891 4189 cauam
911 4123 1116 4205 mechanicae)
1139 4124 1194 4188 scd
1216 4144 1276 4211 pro
1299 4127 1471 4212 quantitate

166 4234 310 4297 materiae
330 4235 439 4298 aotidae
448 4268 461 4307 ,-
484 4245 518 4298 et
537 4235 627 4318 cujus
649 4234 733 4319 actio
753 4233 789 4296 in
807 4234 978 4299 immensas
993 4232 1156 4323 distantias
1170 4232 1312 4321 undique
1327 4236 1471 4301 extendi-

167 4355 231 4420 tur,
253 4340 466 4408 decrescendo
480 4364 605 4427 semper
625 4341 660 4405 in
680 4342 841 4427 duplicati
855 4344 977 4408 ratione
992 4341 1220 4409 distantiarum.
1268 4346 1415 4411 Gravitas
1437 4348 1471 4413 in

168 4452 277 4519 solem
298 4454 499 4539 componitur
521 4476 560 4518 ex
582 4452 789 4542 gravitatibus
810 4454 845 4516 in
868 4453 1006 4540 singulas
1023 4452 1105 4517 Solis
1127 4454 1307 4547 particulas,
1331 4470 1363 4521 et
1384 4476 1472 4521 rece·
1576 4522 1583 4535 ,

168 4561 277 4628 dendo
300 4584 321 4629 a
348 4564 424 4631 Sole
437 4564 593 4629 decrescit
615 4562 763 4630 accuratd
785 4565 819 4628 in
846 4562 1005 4648 duplicati
1035 4564 1154 4629 ratione
1183 4566 1400 4631 distantiarum
1430 4568 1472 4632 ad
