3284 5517
428 316 619 429 rrbxus
640 359 702 425 Ac
727 359 982 428 nnnnuxus
1005 359 1163 426 ultus
1375 373 1437 429 ³05

153 532 312 620 gravitatis
332 533 380 596 vis
399 544 482 597 eeeet
501 530 623 598 infinite
644 555 758 621 magna
779 545 921 620 respectu
944 534 1056 598 virium
1079 535 1181 600 Lunae
1201 545 1233 598 et
1256 533 1346 612 Solis,
1369 547 1438 600 tum

146 639 247 702 etiam
260 640 366 703 nullus
379 653 475 704 oestus
488 641 641 718 oriretur3
656 641 770 704 deinde
784 639 848 727 qud
861 643 961 730 magis
977 653 996 708 8
1015 665 1037 730 g
1051 642 1092 706 ed
1109 651 1123 705 l
1142 641 1270 719 accedit,
1286 640 1324 705 ed
1339 645 1438 728 major

152 747 292 832 prodibit
304 761 409 827 estus,
425 751 480 836 qui
499 749 579 814 adeo
599 751 632 812 in
645 748 802 814 infinitum
816 773 997 818 excrescere
1011 765 1116 838 posset
1130 751 1157 814 si
1171 751 1252 817 foret
1267 761 1286 816 8
1301 775 1324 838 g
1344 777 1375 812 =
1399 763 1434 830 13

151 856 214 920 boc
234 857 351 942 quippe
372 878 446 920 casu
468 856 514 920 ris
540 856 640 922 Lunoe
665 858 849 945 gravitatem
874 873 1044 944 superaret,
1072 881 1242 946 omnesque
1270 885 1366 948 aquas
1393 861 1434 926 ed

153 964 281 1029 Lunam
293 963 480 1040 attraherem
504 965 589 1050 quod
602 979 707 1030 sutem
719 967 789 1031 fieri
801 989 869 1032 non
881 979 995 1052 potest,
1018 967 1118 1032 multo
1132 969 1234 1034 minus
1250 984 1354 1034 eutem
1368 993 1435 1038 erse

150 1086 255 1160 potest
268 1084 287 1138 8
303 1095 326 1162 g
343 1075 380 1150 β
405 1084 434 1152 l,
454 1075 539 1162 quod
554 1089 657 1140 tamen
672 1077 698 1141 si
717 1077 864 1154 eveniret,
881 1077 1017 1142 maxima
1031 1076 1161 1142 elevatio
1175 1079 1319 1163 appulsui
1334 1079 1435 1144 Lume

152 1184 193 1249 ed
213 1185 417 1262 horizontem,
440 1187 639 1272 maximoque
659 1186 818 1271 depressio
840 1187 942 1252 Lume
963 1185 1170 1260 meridianum
1195 1189 1359 1273 occupanti
1385 1212 1434 1254 re·

47 1364 50 1368 Α
151 1291 329 1376 sponderet.

192 1405 217 1482 l.
234 1405 286 1490 823
310 1396 393 1461 cum
414 1398 510 1486 igitur
531 1421 622 1484 aque,
645 1399 672 1462 si
693 1397 804 1462 inertid
827 1411 954 1477 careret,
979 1397 1113 1486 agitetur
1125 1416 1183 1482 per
1197 1399 1330 1482 spatium
1347 1399 1434 1466 MN

155 1571 189 1606 =
207 1517 282 1672 ἒξ,
306 1543 401 1632 suprd
421 1557 526 1610 eutem
547 1553 571 1629 t.
587 1555 638 1609 41.
660 1546 770 1612 eidem
794 1545 855 1610 haic
874 1547 1049 1634 hypothesi,
1071 1545 1132 1635 qui
1150 1559 1214 1611 tam
1235 1547 1322 1611 locus
1338 1547 1431 1634 qudm

37 1707 40 1712 ¹
150 1717 245 1784 Luna
266 1718 299 1781 in
322 1729 481 1804 tequatore
503 1718 639 1802 ponitur,
663 1741 776 1805 equom
800 1719 915 1783 elevari
940 1741 1034 1806 supra
1058 1719 1194 1784 libellam
1218 1741 1276 1804 per
1299 1721 1433 1818 spatium

150 1873 247 1943 2360
273 1863 399 1950 pedum,
426 1862 507 1926 infre
531 1885 601 1926 etun
628 1864 703 1927 verb
728 1863 861 1949 deprimi
887 1863 987 1948 spatio
1015 1873 1108 1942 1,112
1134 1865 1260 1949 pedum,
1288 1837 1434 1992 eritffhi3

155 2099 187 2137 =
208 2081 302 2154 &372
326 2074 451 2158 pedum,
474 2057 661 2201 ideoque}
684 2100 716 2134 =
738 2080 832 2152 luet
845 2073 964 2160 pedum
987 2100 1018 2134 =
1041 2083 1055 2138 1
1075 2044 1249 2202 {Jpedum
1274 2073 1433 2150 Quoniam

148 2243 224 2308 verd
238 2243 325 2308 valor
346 2243 441 2327 ipsius
454 2267 478 2330 g
491 2263 563 2307 cum
576 2243 695 2308 unitate
709 2255 915 2328 comparatur,
939 2241 1011 2308 ideo
1025 2244 1119 2321 venit,
1141 2244 1224 2329 quod
1240 2256 1362 2330 tempus
1376 2265 1433 2328 per

148 2356 251 2438 ipsum
267 2373 375 2416 arcum
389 2352 496 2416 circuli
511 2355 599 2437 cujus
612 2351 717 2417 radius
732 2365 780 2416 est
799 2377 831 2411 =
856 2360 868 2414 l
888 2353 1114 2436 expressimus:
1138 2351 1212 2416 hinc
1227 2351 1331 2436 itaque
1346 2352 1433 2416 valor

147 2461 246 2546 ipsius
268 2482 291 2546 g
312 2471 454 2542 respectu
468 2459 594 2523 unitatis
609 2458 776 2524 definietur
794 2471 937 2542 tempore
950 2457 1060 2522 eodem
1075 2457 1171 2520 modo
1185 2479 1344 2542 expresso,
1369 2479 1432 2543 quo

149 2589 229 2654 oque
250 2565 283 2628 in
307 2563 348 2630 M
370 2586 468 2650 usque
488 2564 635 2650 depressa
657 2564 722 2629 soli
744 2565 776 2629 ri
795 2565 955 2652 gravitatis
978 2587 1012 2628 se
1032 2565 1066 2626 in
1083 2564 1110 2628 C
1133 2563 1318 2643 restitueret,
1345 2565 1430 2651 qirod

144 3803 268 3879 tempus
289 3815 329 3856 ex
351 3791 590 3857 circumstantiis
604 3789 694 3855 focile
707 3791 822 3875 poterit
837 3789 1001 3853 testimari:
1024 3788 1163 3874 prodibit
1177 3799 1280 3851 eutem
1294 3809 1351 3871 per
1365 3785 1427 3851 cal·

145 3942 251 4006 culum
265 3956 387 4030 tempus
401 3939 493 4029 hujus
507 3939 707 4008 restitutionis
724 3963 755 3998 =
772 3925 815 4065 {-
836 3919 945 4024 ssg,
969 3934 1135 4002 denotante
1154 3963 1175 3997 π
1192 3933 1428 4020 semi-periphe-

147 4116 227 4179 riam
242 4116 351 4180 circuli
371 4116 493 4180 redium
512 4139 545 4175 =
567 4122 581 4178 l
606 4112 759 4189 habentis,
780 4135 836 4176 seu
851 4123 973 4193 tempus
988 4107 1152 4172 duodecim
1170 4107 1319 4172 horarum
1339 4107 1428 4172 luna-

144 4267 237 4329 rium.
283 4263 379 4342 Qubd
394 4266 420 4328 si
434 4265 528 4353 igitur
542 4263 851 4346 restitutio‘ponatur
866 4272 937 4324 ectu
951 4259 1021 4324 lieri
1042 4271 1181 4344 tempore
1207 4228 1245 4386 1ῖὲ
1268 4259 1427 4335 horarum,

145 4466 255 4608 erit}
275 4505 307 4539 =
327 4446 459 4606 fise—25
472 4492 540 4566 etg
559 4503 591 4536 =
611 4447 685 4603 ᾗ,
702 4499 742 4540 ex
757 4498 820 4562 quo
834 4477 1033 4561 perspicuum
1047 4487 1103 4557 est,
1117 4475 1180 4562 qud
1194 4475 1285 4542 citiris
1299 4499 1381 4562 equa
1396 4497 1429 4538 se

145 4649 272 4736 proprii
293 4650 348 4715 sui
369 4649 401 4715 vi
422 4652 584 4715 restituere
598 4647 707 4726 valeat,
730 4644 769 4710 ed
783 4639 886 4710 mimis
901 4669 1099 4712 excessurum
1113 4667 1181 4714 esse
1196 4647 1330 4735 spetlum
1352 4645 1382 4711 A
1399 4646 1428 4709 B

762 4757 786 4806 Y
795 4763 811 4806 3
