3284 5517
212 347 277 406 290
468 340 736 420 lNQUISlTIO
759 343 966 408 PHYSlCA
980 343 1041 408 'IN
1064 342 1260 410 CAUSAM

212 565 286 615 nato
300 579 335 608 =
352 511 835 678 Q
858 549 1026 616 denotante
1042 549 1075 628 Q
1095 551 1199 616 sinum
1213 549 1428 617 declinationis
1448 549 1506 614 bo-

213 769 304 831 realis
321 767 413 844 Solis,
429 779 461 832 et
475 768 574 852 qejus
584 764 736 844 susinum,
749 763 919 832 habebitur
929 767 999 832 brec
1009 767 1146 854 aequatio
1157 731 1187 794 L
1199 734 1234 812 (ῃ
1244 751 1294 812 Pr
1305 726 1381 892 3³1³
1392 725 1437 805 R)
1448 725 1507 790 ΝΥ

211 1009 247 1037 =
263 943 603 1039 s(—t-q——p
399 940 531 1104 ἷξρ)
544 941 576 1006 Τ
586 963 618 1057 q,
635 978 777 1068 neglecti
792 979 918 1046 flactio-

161 1227 167 1232 ·
211 1175 252 1217 ne
267 1155 317 1236 ἕξ,
332 1173 500 1237 perquam
514 1151 741 1216 incrementum
753 1153 800 1216 vis
816 1153 920 1220 Lunae

212 1259 412 1346 multiplicari
438 1259 579 1324 deberet.
629 1259 790 1335 Quoniam
815 1273 921 1326 autem

214 1369 308 1434 Luna
329 1391 349 1432 a
370 1367 546 1430 meridiano
567 1387 632 1429 non
654 1368 767 1451 procul
781 1369 919 1447 distabit,

213 1625 264 1689 mie
281 1585 366 1723 ξε
378 1585 445 1723 ᾖ,
461 1620 653 1688 obtinebitur
667 1623 726 1687 iate
740 1623 828 1687 valor
844 1623 876 1686 N
886 1652 921 1680 .—.

279 1688 300 1752 b
386 1711 405 1750 a

215 1793 547 1976 Qb
569 1834 678 1918 quiin
698 1847 821 1921 tempus
844 1855 918 1899 con·

274 1900 340 1978 r(p
355 1895 415 1958 ri·
469 1896 499 1959 ll

215 2024 324 2066 versus
338 2000 426 2065 dabit
440 2005 589 2089 temporis
602 2007 749 2092 spatium,
766 2030 831 2094 quo
842 2030 924 2093 aqua

215 2123 288 2194 post
312 2110 478 2176 trarraitum
508 2112 611 2178 Lunae
637 2135 696 2200 per
720 2114 929 2180 meridianum
958 2113 1128 2180 maximam
1154 2107 1350 2174 altitudinem
1375 2104 1511 2192 attingit.

220 2255 288 2320 Sub
302 2269 462 2343 requatore
476 2279 553 2346 ergo
567 2259 627 2324 erit
641 2259 675 2324 N
694 2288 730 2316 =
753 2223 882 2339 Q,
906 2259 949 2324 ob
976 2261 1052 2325 P=
1068 2270 1134 2322 oet
1154 2279 1225 2341 p=
1243 2264 1281 2331 13
1303 2273 1400 2340 quare
1415 2254 1442 2318 sl
1456 2251 1513 2316 de-

217 2427 401 2496 clinationes
421 2431 623 2496 luminarium
636 2433 686 2496 rel
708 2433 909 2522 negligantur
924 2432 972 2496 vel
987 2430 1122 2517 aequales
1137 2440 1343 2504 assumantur,
1366 2426 1409 2490 ita
1425 2437 1461 2488 ut
1473 2424 1514 2488 sit

219 2600 318 2663 qq=
329 2601 346 2642 r
356 2601 382 2656 r,
398 2579 455 2643 fiet
465 2577 498 2642 N
508 2619 544 2648 =
554 2541 633 2707 Est,
650 2581 737 2664 cujus
751 2580 961 2662 expressionis
977 2578 1064 2642 valor
1079 2587 1164 2641 extat
1174 2575 1329 2638 maximus
1341 2567 1367 2636 si
1378 2571 1514 2668 angulus

222 2749 262 2814 M
277 2750 305 2814 P
321 2750 351 2813 L
372 2751 412 2814 sit
426 2749 491 2817 45⁰.
512 2773 575 2837 quo
596 2773 670 2816 casu
693 2751 753 2815 erit
775 2751 808 2816 N
821 2755 903 2835 =1l‚
927 2765 957 2817 et
980 2752 1113 2840 angulus
1136 2747 1327 2834 respondens
1340 2777 1375 2806 =-·
1393 2745 1434 2817 7⁰.
1453 2749 1514 2812 ll'.

220 2857 275 2943 qui
289 2857 407 2921 indicat
422 2879 536 2942 aquam
549 2879 704 2922 summam
719 2868 761 2924 30
777 2861 904 2924 minutis
918 2873 992 2945 post
1011 2859 1174 2924 transitum
1191 2857 1292 2922 Lunae
1313 2878 1371 2942 per
1386 2855 1515 2920 meridi-

221 2983 316 3026 anum
336 2963 518 3050 oontingere
539 2963 671 3029 debere:
695 2965 887 3052 totidemque
902 2967 1030 3032 minutis
1045 2988 1126 3052 aqua
1140 2977 1212 3029 ante
1227 2965 1392 3028 transitum
1410 2963 1514 3028 Lunae

80 3073 85 3080 ’
220 3093 279 3156 per
292 3071 498 3137 meridianum
512 3073 648 3138 maximi
663 3075 723 3139 erit
736 3075 866 3152 elevata,
890 3075 917 3138 si
935 3076 991 3140 su
1005 3089 1073 3140 tum
1088 3073 1195 3138 versas
1210 3095 1355 3138 occasum
1370 3083 1512 3138 versetur

222 3179 339 3268 augerio
362 3181 402 3246 M
422 3180 450 3245 P
465 3181 494 3246 L
507 3209 543 3236 -·-·-
558 3183 747 3246 semi-recto.
793 3182 1011 3258 Quamobrem
1026 3181 1051 3247 si
1074 3181 1166 3246 Luna
1181 3179 1221 3244 ad
1236 3179 1442 3243 meridianum
1458 3199 1514 3264 ap-

221 3287 319 3373 pellat
343 3287 422 3351 horis
444 3287 528 3352 nonai
554 3287 619 3352 sive
642 3288 796 3354 matutini
822 3291 887 3354 sire
909 3288 1135 3374 pomeridianis,
1162 3289 1267 3352 fluxus
1292 3285 1419 3351 demum
1442 3302 1515 3372 post

223 3395 428 3461 aemi-boram
443 3397 573 3474 eveniet,
589 3409 623 3462 at
636 3397 663 3462 si
677 3397 756 3462 bord
772 3397 863 3462 tertii
879 3399 1018 3483 appellat
1034 3398 1127 3462 Luna
1141 3396 1182 3461 ad
1196 3395 1412 3476 meridianum,
1433 3421 1515 3484 aqua

224 3529 347 3595 summa
359 3509 422 3572 80'.
438 3507 510 3572 ante
525 3508 757 3573 observabitur:
779 3510 813 3573 in
828 3509 896 3575 aliis
906 3510 982 3576 verb
995 3512 1106 3576 Terrae
1120 3510 1300 3600 regionibus
1315 3512 1375 3575 ista
1388 3511 1515 3576 aberra-

223 3615 269 3681 tio
282 3616 382 3704 magis
397 3631 443 3682 est
463 3617 665 3704 irregularis3
687 3618 813 3682 interim
835 3631 940 3684 tamen
957 3621 1030 3684 satis
1044 3641 1144 3705 prope
1160 3641 1200 3684 ax
1214 3619 1346 3684 formali
1362 3618 1435 3684 dati
1456 3639 1516 3703 per

224 3725 323 3790 solam
337 3725 576 3790 restimationem
589 3737 693 3811 potest
707 3725 841 3790 definiri.

268 3842 292 3920 i.
307 3845 360 3902 64.
384 3835 481 3911 Quod
497 3837 522 3899 ai
536 3849 641 3901 autem
654 3836 738 3900 hanc
752 3857 819 3900 rem
835 3836 971 3902 curan‘ds
985 3835 1172 3925 investigare
1186 3837 1327 3914 velimus,
1350 3836 1516 3900 amborum

224 3947 426 4012 luminarium
439 3945 663 4010 declinationes
678 3967 744 4010 nou
765 3967 826 4030 pro
848 3945 977 4012 arbitrio
992 3945 1113 4034 fingere
1134 3945 1216 4023 licet,
1238 3946 1378 4031 pendent
1392 3946 1475 4010 enirn
1496 3966 1517 4006 a

225 4079 259 4120 ae
273 4053 384 4118 mutui)
399 4051 534 4118 maximis
547 4053 592 4117 ob
605 4053 757 4140 angulum
770 4051 933 4116 horarium
950 4052 989 4117 M
1006 4054 1034 4117 P
1049 4052 1079 4117 L
1094 4053 1176 4118 inter
1190 4075 1227 4116 ea
1248 4053 1444 4139 interjectum
1459 4051 1516 4116 da-

225 4175 311 4226 tum:
334 4174 370 4225 ut
383 4161 478 4249 igitur
497 4183 558 4246 pro
573 4159 645 4224 dati
669 4159 770 4224 Lunae
791 4159 882 4244 phasi
904 4159 1131 4225 aberrationem
1146 4160 1294 4225 maximae
1310 4182 1400 4247 aquoe
1415 4160 1516 4224 eleva·

226 4270 320 4334 tionis
334 4292 353 4332 a
368 4268 501 4332 transitu
523 4269 625 4332 Lunae
646 4289 703 4352 per
717 4267 925 4332 meridianum
940 4265 1191 4346 determinemus,
1207 4279 1412 4354 repraesentet
1425 4268 1516 4332 nobis

226 4378 360 4444 circulus
377 4378 403 4442 Z
420 4377 449 4442 B
465 4377 497 4441 N
514 4376 734 4442 Cvertioalem
748 4375 943 4462 primarium,
963 4375 991 4440 B
1008 4375 1037 4444 C
1058 4377 1262 4456 horizontem,
1281 4377 1308 4444 Z
1325 4377 1356 4442 N
1371 4375 1516 4442 meridia-

227 4507 302 4550 num
316 4507 374 4570 per
389 4486 454 4549 dati
470 4485 531 4550 loci
544 4485 648 4554 zenith
664 4485 691 4549 Z
705 4495 737 4549 et
751 4483 842 4548 nadir
858 4481 891 4548 N
906 4483 1047 4563 ductum,
1064 4499 1157 4574 atque
1171 4501 1313 4575 oequator
1328 4487 1369 4551 sit
1385 4487 1413 4551 B
1430 4489 1461 4550 A
1477 4486 1516 4564 C,

225 4592 320 4684 polus
335 4594 478 4660 annualis
491 4615 525 4678 p,
547 4607 580 4658 et
602 4591 745 4678 ecliptica
765 4605 790 4647 n
807 4607 840 4646 ὑ
863 4601 915 4655 ⁴*ae
953 4592 1150 4659 Constitutus
1171 4616 1256 4658 nuno
1271 4595 1312 4659 sit
1328 4593 1383 4660 sol
1398 4595 1431 4658 in
1448 4595 1519 4659 Set
