3284 5517
226 418 289 475 256
391 476 396 485 ,
474 398 740 481 INQUISITIO
763 396 969 465 PHYSICA
991 381 1042 462 tn
1066 390 1261 461 CAUSAM

225 578 301 642 dum
317 590 375 653 est,
391 574 515 661 quodsi
536 574 708 638 Newtonus
723 590 828 635 verum
842 588 968 632 musam
982 564 1076 650 hujus
1090 562 1289 649 phaenomeni
1310 562 1507 648 assignasset,

226 681 422 765 summopere
444 680 614 743 absurdum
636 691 729 763 etque
751 675 904 739 absonum
924 672 1015 749 foret,
1037 670 1183 734 novimus
1203 669 1309 735 studio
1326 668 1420 733 elium
1433 690 1508 733 cuu-

225 810 299 868 sem,
322 812 393 878 quoe
415 789 502 855 eertb
522 788 598 852 laiss
619 787 723 854 future
744 782 836 861 esset,
858 780 1046 868 excogitare.
1091 776 1218 844 Deinde
1235 776 1311 843 vero
1335 778 1507 845 Nemeum

225 922 266 965 ne
288 902 452 989 vestigium
473 898 598 987 quidem
620 896 754 982 reliquit,
769 914 810 958 ex
824 914 889 978 qno
901 911 996 955 cause
1008 890 1120 953 burum
1134 888 1248 951 virium
1261 888 1506 965 etmuotivurum,

228 1030 306 1093 quas
327 1007 395 1073 Soli
417 1006 580 1090 Lunoeque
600 1000 718 1078 tribuit,
741 998 846 1085 colligi
867 1008 982 1083 posset,
998 994 1055 1061 sed
1074 992 1179 1078 potiris
1192 992 1234 1057 de
1247 1012 1350 1057 oeusoe
1367 990 1506 1077 physion

193 1195 194 1199 Ἰ
223 1113 411 1191 inventione,
434 1110 558 1198 qualem
576 1106 746 1173 Academia
769 1105 872 1192 Regin
891 1102 1087 1188 potissimum
1101 1098 1241 1185 requirit,
1264 1097 1446 1182 desperasse
1460 1099 1507 1166 vi·.

223 1220 335 1297 detur3
358 1218 390 1283 id
413 1218 497 1306 quod
518 1218 585 1303 ejus
607 1214 732 1280 assuete
754 1212 862 1298 aperte
881 1222 1042 1286 tentanum
1064 1209 1118 1293 qui
1132 1207 1348 1273 ottrectionem
1361 1207 1506 1273 omnibus

223 1330 405 1414 corporibus
419 1330 579 1415 propriam
594 1348 671 1404 esse,
686 1344 788 1412 neque
802 1324 859 1389 ulii
872 1342 976 1387 censue
989 1332 1129 1385 externe
1150 1315 1258 1384 deberi
1276 1315 1409 1383 finniter
1422 1338 1507 1383 esse-

223 1452 307 1516 runt,
329 1450 422 1524 etque
443 1436 523 1502 edeb
545 1436 585 1500 ed
607 1434 768 1522 qualitates
786 1430 923 1496 occultes
937 1426 1129 1515 contirgiunt.
1172 1425 1320 1511 Denique
1335 1426 1507 1491 Newtonus
1532 1412 1539 1426 ⁹

223 1542 441 1608 deductionem
463 1556 494 1608 et
515 1541 741 1626 expositionem
762 1537 902 1601 onmium
923 1534 1203 1620 pbmnomenorum
1223 1532 1397 1597 edestam
1411 1531 1507 1595 meris

223 1650 445 1734 pertinentium
458 1646 587 1713 minime
600 1640 739 1733 perfecit,
754 1644 811 1709 sed
825 1642 915 1729 quusi
935 1652 1059 1706 tanttnn
1069 1637 1286 1714 adumbratim
1307 1638 1402 1722 plene
1421 1638 1508 1703 enim

223 1755 389 1839 explicatio
409 1766 457 1819 tot
477 1768 602 1841 tumque
623 1752 793 1819 difficilium
817 1750 1052 1815 Problematon
1065 1745 1252 1811 solutionem
1265 1744 1412 1829 postulet,
1434 1766 1508 1830 quae

225 1860 395 1928 Newtonus
415 1880 480 1927 nou
501 1874 550 1927 est
569 1880 753 1948 eggressus:
776 1856 849 1923 edm
861 1855 946 1921 euim
959 1856 1053 1940 hujus
1066 1852 1248 1939 qmmonis
1269 1850 1417 1917 enodatio
1438 1874 1507 1915 sm-

222 1970 377 2055 piissimos
392 1970 526 2036 calculos
541 1971 688 2057 requiret,
704 1970 772 2053 ipse
782 1966 922 2054 ennlytin
936 1966 1036 2031 viteus
1049 1964 1199 2049 pleraque
1209 1974 1333 2027 tuntum
1342 1960 1444 2025 obiter
1457 1960 1506 2025 in·

222 2078 342 2143 dieasse
363 2092 526 2143 contentus
548 2076 623 2154 luit3
649 2076 692 2141 ob
713 2096 806 2163 quem
828 2074 983 2141 odaeum
1003 2071 1147 2156 plurimis
1167 2070 1272 2137 edhco
1295 2069 1399 2135 dubiis
1422 2070 1507 2135 mres

222 2187 318 2269 ipsius
332 2186 570 2271 explicationem
584 2198 633 2251 ert
645 2184 781 2251 relictus.
818 2183 931 2270 Neque
945 2182 1029 2249 mim
1041 2182 1075 2245 in
1089 2180 1139 2245 liic
1153 2180 1272 2245 viribus
1285 2200 1393 2243 verum
1408 2178 1506 2243 entus

222 2292 317 2355 mens
339 2310 463 2359 ceruum
485 2292 637 2357 contineri
659 2288 732 2355 entd
752 2300 872 2357 certum
894 2310 963 2356 esse
982 2299 1096 2371 potest,
1118 2286 1212 2371 quim
1225 2283 1370 2349 absoluto
1383 2282 1507 2349 calculo
1611 2350 1622 2365 ,

222 2398 377 2482 perlectus
391 2420 562 2463 conmotus
575 2386 857 2483 ptmnomenorsm
870 2414 942 2461 crum
956 2391 1076 2461 theorit
1091 2391 1184 2457 fuerit
1197 2390 1382 2457 decianus

807 2666 918 2691 Μ

612 2852 786 2928 CAPUT
812 2848 1112 2928 SECUNDUM.

414 3050 474 3123 De
489 3051 618 3125 virtus
630 3051 720 3125 Solis
735 3061 771 3123 et
784 3050 958 3123 Lunoecd
973 3050 1085 3123 Mure
1101 3046 1308 3121 mouendum.

219 3266 243 3341 t.
262 3268 311 3323 16.
328 3234 529 3337 Eme-rus,
555 3281 633 3345 quos
662 3260 743 3325 vires
765 3258 838 3323 crim
867 3259 949 3325 Solis
978 3258 1046 3324 nim
1075 3259 1178 3326 Lunoe
1205 3261 1278 3327 ante
1302 3256 1445 3326 stabilitae
1469 3259 1504 3325 in

221 3366 354 3431 Terram
380 3380 523 3447 exerunt,
546 3366 587 3433 ed
612 3369 676 3435 duo
700 3381 911 3457 generascunt
936 3369 1108 3436 referendi:
1130 3393 1264 3457 quorum
1288 3370 1422 3435 alterum
1448 3390 1503 3433 eos

220 3474 436 3561 complectitur
457 3460 583 3543 effe'cms
606 3500 683 3566 quos
705 3478 760 3543 Sol
782 3500 819 3542 ec
843 3477 935 3542 Lune
953 3479 987 3541 in
1007 3480 1183 3543 universum
1198 3479 1332 3543 Terram
1344 3492 1504 3563 temquum
1566 3464 1574 3472 ’

220 3604 317 3647 unum
343 3606 456 3669 corpus
481 3585 706 3651 considerarem
732 3598 874 3661 exercet,
907 3586 1039 3651 alterum
1068 3584 1144 3650 verb
1170 3608 1235 3663 eos,
1265 3606 1344 3671 quos
1370 3582 1502 3671 singulm

220 3686 330 3753 Terroe
351 3703 454 3775 partes
475 3712 497 3754 e
516 3690 634 3757 viribus
656 3691 739 3758 Solis
759 3714 797 3755 ec
820 3692 923 3756 Lunoe
941 3692 1112 3775 petiuutur.
1160 3691 1215 3757 Ad
1236 3690 1364 3757 effectis
1384 3689 1499 3775 prioris

218 3796 342 3883 generis
362 3797 606 3885 investigandos,
627 3798 728 3861 omnis
753 3797 864 3861 Terroe
884 3799 1014 3863 materie
1034 3811 1181 3886 tunquam
1202 3797 1351 3863 inunteo
1371 3808 1500 3882 puncto,

219 3914 327 3967 centro
352 3899 469 3967 scilicet
492 3902 662 3991 gravioris,
685 3901 816 3969 collecte
840 3902 1065 3982 consideretur,
1089 3926 1128 3969 ec
1149 3903 1213 3969 uim
1234 3926 1276 3969 ex
1300 3914 1388 3969 motu
1409 3903 1502 3967 insito

219 4008 312 4094 quim
333 4006 450 4073 viribus
472 4008 706 4075 sollicitantibus
728 4020 831 4075 motus
852 4010 963 4075 Terrae
983 4010 1199 4098 progressivae
1212 4011 1246 4074 in
1260 4009 1316 4075 suri
1330 4009 1431 4074 orbiti
1445 4008 1502 4075 de·

138 4199 141 4212 ¹
220 4119 380 4184 terminari
394 4118 482 4185 tolet.
528 4118 580 4183 Ex
594 4118 716 4204 bosque
730 4118 886 4203 prbrcipio
899 4119 1034 4184 innotuit
1047 4119 1111 4183 vim
1124 4119 1207 4185 hune
1222 4120 1304 4186 Solis
1317 4118 1450 4196 efficere,
1466 4131 1503 4183 ut

218 4226 320 4291 Terre
346 4226 427 4291 circe
454 4226 559 4292 Solem
582 4226 616 4289 in
639 4224 740 4291 orbiti
762 4224 897 4308 ellipticei
918 4225 1162 4304 circumferatur,
1186 4226 1247 4289 vim
1271 4227 1373 4291 Lnnae
1396 4236 1502 4291 eutem

218 4344 283 4397 tum
301 4354 369 4397 esse
388 4332 533 4411 debilem,
556 4344 592 4399 ut
612 4331 666 4397 vix
687 4354 724 4397 ec
744 4354 785 4397 ne
806 4332 860 4395 vix
881 4332 1007 4418 quidem
1024 4334 1120 4399 ullum
1141 4333 1319 4399 sensibilem
1336 4334 1502 4418 perturbo-

218 4442 335 4507 tionem
357 4444 390 4507 in
410 4456 498 4509 motu
520 4442 635 4509 Teme
652 4463 758 4507 annuo
779 4442 953 4527 producere
966 4442 1076 4509 valeat.
1121 4442 1241 4509 Contni
1255 4456 1360 4509 nutem
1373 4443 1502 4509 docebi-

217 4560 280 4626 tur,
302 4550 365 4613 vim
388 4550 489 4615 Lunoe
510 4551 551 4617 ed
572 4564 677 4636 pense
698 4552 811 4617 Terrae
831 4552 913 4617 inter
927 4574 961 4617 ee
975 4551 1216 4617 commovendus
1229 4574 1267 4617 ec
1280 4573 1366 4616 mere
1380 4552 1501 4639 egitan-

217 4656 294 4723 dum
308 4659 407 4727 nrultd
420 4683 487 4726 esse
500 4660 660 4729 fortiorem
674 4662 705 4729 vi
721 4661 819 4739 Solis3
834 4682 876 4727 ex
888 4684 952 4748 quo
965 4661 1120 4748 plerisque
1133 4662 1237 4747 primo
1250 4660 1365 4727 intutu
1378 4662 1502 4727 summe
