3284 5517
131 392 210 459 Sar.
227 393 271 477 1.]
500 392 566 459 ΑΙ)
588 390 810 459 TERTIUM
833 381 1031 457 LIBRUM.
1356 408 1402 451 xr

134 562 296 637 distabunt
340 562 448 639 Quarti
471 564 498 627 si
522 562 620 629 etellae
643 564 717 627 fixe
740 562 913 628 meridiano
936 563 1046 627 vicinoe
1069 560 1201 626 altitudo
1222 558 1403 622 observetur

134 668 234 737 versis
255 670 416 747 orientem,
432 681 464 733 et
485 667 604 737 deinde·
617 670 774 755 quadrans
795 668 879 735 circi
899 669 987 733 filum
1009 666 1156 733 verticale
1169 667 1332 729 immotum
1345 661 1403 727 oetl

133 776 211 842 circa
236 798 329 847 axem
350 786 547 847 convertetur
571 776 679 841 versus
704 776 898 841 occidentem
921 787 955 840 et
978 784 1160 859 expectetur
1188 772 1289 836 donec
1316 769 1406 833 stella

133 882 262 947 eandem
285 881 480 947 altitudinem
504 880 628 960 habent,
654 894 739 949 recte
759 906 831 969 quae
851 882 993 948 bifariam
1014 881 1133 946 diridet
1153 879 1302 966 angulum
1325 878 1406 940 inter

133 988 208 1055 duaa
228 989 408 1075 quadrantis
430 1010 502 1053 cum
523 988 684 1055 horizonte
709 990 942 1057 intersectionea
962 988 1229 1076 comprehensum,
1251 985 1311 1049 erit
1325 984 1407 1047 lineo

134 1098 312 1162 meridiane.
925 1106 932 1113 ’

176 1213 226 1269 18.
248 1203 340 1269 Datis
363 1224 421 1288 per
452 1204 682 1271 observationes
706 1206 828 1271 duabus

132 1310 267 1397 ejusdem
285 1309 382 1375 stellae
402 1332 562 1397 nunquam
575 1313 743 1379 occidentis
757 1314 827 1379 alti-

133 1419 290 1493 tudinibus
309 1418 485 1491 meridianis
507 1419 531 1485 S
554 1420 626 1497 R‚s
649 1420 690 1499 B,
713 1421 827 1485 dantur

132 1530 196 1613 poli
222 1528 251 1593 P
274 1540 307 1593 et
329 1527 494 1613 tequatorie
518 1526 564 1593 AE
589 1527 622 1603 Q
651 1528 827 1593 altitudines

130 1636 162 1701 P
183 1636 216 1699 R
236 1646 269 1699 et
292 1634 338 1699 AE
354 1635 390 1699 H
410 1654 504 1717 supra
523 1634 715 1700 horizontem
731 1635 768 1699 H
784 1636 826 1701 R.

130 1741 829 1825 NamdatisercubusSRetstatur
870 1765 905 1827 Η

37 1870 38 1873 ’
132 1872 241 1915 eorum
262 1848 435 1913 differentia
457 1849 527 1925 Ss;
550 1861 581 1913 et
601 1850 674 1934 quie
694 1850 782 1915 stella
804 1852 829 1915 S

131 1958 283 2022 circulum
307 1954 455 2021 describit
474 1956 624 2041 oequrtori
644 1958 827 2040 parallelum

128 2066 179 2150 (8)
207 2064 295 2149 cujus
318 2062 347 2127 P
367 2074 415 2127 eet
433 2062 534 2146 polus,
557 2064 616 2129 erit
635 2065 658 2129 S
674 2064 829 2143 P=sP;

131 2171 219 2237 nnde
241 2170 332 2235 (lawr
359 2168 387 2233 P
410 2193 435 2247 s,
462 2171 512 2235 cui
537 2171 563 2235 si
591 2170 723 2237 addetur
747 2197 763 2237 e
786 2174 828 2251 R,

132 2277 299 2343 habebitur
313 2298 402 2341 arcus
418 2276 446 2341 P
462 2276 490 2341 ll
507 2277 637 2343 altitudo
655 2281 729 2363 poli.
774 2282 833 2347 Est

132 2396 241 2448 autem
253 2382 290 2447 H
305 2382 350 2447 AE
362 2382 489 2468 aequalis
503 2384 589 2447 arcui
604 2384 631 2447 Z
647 2386 740 2451 Pseu
750 2389 981 2473 complemento
991 2386 1160 2453 altimdinia
1169 2383 1236 2469 poli
1245 2382 1286 2446 od
1293 2392 1414 2445 rectum

132 2494 220 2577 (10),
235 2492 326 2557 datu
340 2488 418 2578 ergb
434 2491 471 2555 H
483 2490 528 2560 AE
543 2492 673 2557 altitudo
686 2498 861 2581 oequatoris.

180 2610 234 2665 14.
256 2598 341 2663 Datt
355 2598 452 2663 stelle
467 2599 492 2665 S
507 2598 668 2665 altitudine
686 2601 856 2667 meridiani
873 2605 898 2669 S
916 2604 947 2668 R
961 2624 1032 2669 oum
1049 2599 1214 2687 oequawris
1228 2595 1277 2659 vel
1291 2593 1355 2678 poli
1370 2592 1415 2655 ssl-

131 2706 280 2791 titudine,
296 2706 388 2771 datur
402 2706 484 2771 illius
498 2707 664 2773 declinatio
684 2711 707 2775 S
728 2710 792 2786 AE3
815 2724 863 2775 eat
881 2713 966 2777 enim
981 2733 1072 2777 arctis
1088 2712 1112 2775 S
1127 2708 1171 2773 AE
1186 2704 1313 2792 equalis
1327 2701 1415 2767 diffe-

133 2814 253 2887 rende,
261 2834 389 2879 mentm
404 2812 448 2877 ΖΕ
465 2814 493 2879 Ρ
509 2814 538 2879 R
553 2827 585 2879 et
601 2816 624 2881 S
640 2816 681 2879 R.
731 2818 784 2885 Sic
793 2818 901 2886 obser,

136 2924 247 2989 vando
255 2920 394 3008 quotidie
404 2921 597 2987 altitudinem
608 2924 810 2989 meridianam
826 2948 898 2990 cen·

134 3034 177 3099 tri
206 3031 288 3097 Solis
309 3042 341 3095 et
362 3028 435 3095 inde
451 3030 589 3094 eruendo
603 3031 700 3115 ipsius
714 3032 898 3097 declinatio-

135 3162 222 3217 nem,
238 3138 477 3204 determinatum
492 3148 540 3201 est
553 3136 681 3222 planum
702 3140 853 3225 eclipticoe
867 3152 899 3205 et
948 3194 974 3255 Υ

136 3251 206 3335 ejus
220 3248 261 3313 ad
273 3258 462 3334 mquatoretn
475 3243 633 3309 inclinatio
647 3268 700 3310 seu
712 3248 848 3312 maxima
860 3248 900 3312 ab

137 3368 301 3444 aequatore
324 3352 490 3417 declinatio
512 3376 582 3439 quae
603 3356 728 3420 inventa
757 3367 805 3421 est
837 3361 898 3439 2Βῦ

140 3464 234 3557 grad„
253 3474 307 3528 aut
326 3462 427 3527 verius
442 3470 506 3526 28⁰.
522 3466 582 3527 29'.
637 3462 721 3529 Datt
735 3474 839 3527 nutem
852 3464 901 3528 in·

139 3572 310 3637 clinatione
324 3568 476 3655 eclipticae
487 3566 531 3633 ad
545 3582 734 3656 aequatorem
746 3592 817 3635 cum
828 3572 902 3638 solia

137 3678 357 3754 declinatione,
383 3676 475 3740 datur
496 3678 634 3742 ascensio
654 3692 740 3743 recta
759 3681 841 3745 Solis
862 3703 900 3747 ac

134 3784 314 3873 longitudo.
353 3782 400 3847 sit
414 3782 498 3845 enim
515 3782 541 3847 P
555 3784 645 3867 polus
659 3784 778 3869 mundi,
795 3798 827 3845 ‘n
843 3786 889 3853 AE
902 3800 935 3841 a
951 3796 1100 3873 aequator‚
1116 3794 1147 3841 ‘r
1164 3782 1193 3845 L
1214 3795 1247 3833 ὑ
1270 3776 1419 3863 ecliptico,

136 3906 171 3955 et
194 3890 224 3955 P
240 3888 269 3953 L
284 3886 338 3966 AE,
362 3886 470 3951 circuli
492 3888 646 3972 quadrans
666 3892 817 3976 aequaturi
839 3888 1105 3977 perpendicularis
1120 3889 1154 3950 in
1171 3884 1226 3961 AE,
1250 3896 1281 3947 et
1295 3881 1374 3946 datis
1388 3880 1421 3944 in

133 3994 299 4081 triangulo
319 3992 475 4077 rphoetico
498 3992 542 4057 AE
566 4006 597 4053 ‘r
622 3996 651 4059 L
676 3997 857 4085 rectangulo
877 3997 910 4061 in
933 3996 987 4074 ΖΕ,
1016 3996 1112 4059 latere
1138 4014 1193 4056 seu
1215 3988 1421 4054 declinatione

137 4104 227 4170 Solis
242 4103 272 4168 L
287 4102 342 4183 AE,
357 4115 389 4166 et
403 4103 519 4189 angulo
535 4102 579 4167 AE
594 4114 625 4161 ‘n
644 4104 681 4183 L,
705 4114 760 4171 23⁰
781 4110 844 4183 29',
860 4105 974 4169 dantur
987 4104 1067 4168 latus
1082 4112 1113 4159 ‘n
1130 4100 1175 4163 AE
1190 4098 1328 4163 ascensio
1338 4108 1423 4159 recta

136 4213 228 4289 solie,
252 4232 307 4275 seu
328 4210 438 4294 puncti
461 4210 501 4289 L,
518 4224 549 4275 et
562 4212 642 4277 latus
658 4224 688 4273 ‘r'
707 4214 836 4301 Lquod
852 4226 899 4279 est
912 4213 1050 4298 ejusdem
1065 4208 1237 4297 longitudo,
1253 4206 1318 4271 imb
1331 4206 1423 4268 datur

140 4321 240 4385 etiam
255 4318 388 4405 angulus
405 4316 449 4380 AE
465 4317 494 4382 L
510 4330 552 4397 φ,
574 4343 665 4406 quem
685 4322 818 4386 circulus
840 4322 1055 4387 declinationis
1069 4320 1162 4384 efficit
1176 4338 1248 4382 cum
1263 4312 1423 4400 ecliptici3

141 4426 233 4492 cum
254 4423 328 4489 verb
348 4434 464 4508 praeter
486 4428 633 4514 angulum
650 4429 694 4493 AE
710 4440 741 4491 ‘r‘
760 4430 798 4507 L,
821 4430 895 4493 data
911 4429 1004 4493 fuerit
1017 4427 1181 4515 longitudo
1195 4439 1226 4486 ‘r
1244 4425 1284 4504 L,
1300 4422 1425 4487 dabitur

139 4550 216 4601 tum
231 4546 262 4595 ‘t'
279 4533 324 4599 ΖΕ
339 4534 479 4597 ascensio
493 4548 587 4616 recta,
603 4552 670 4603 tum
685 4538 730 4603 AE
747 4539 786 4617 L,
802 4536 977 4602 declinatio.
1044 4622 1049 4629 Ι
