3284 5517
293 403 324 464 vs
456 397 792 464 russonucmo
813 399 881 466 an
905 397 1049 467 sunm
1071 399 1342 480 renonum,
1364 400 1421 470 se
1533 381 1542 392 ’

336 569 458 636 Eidem
479 571 609 648 ratione,
630 571 817 634 variationes
837 585 942 635 motus
963 561 1086 659 apogaei
1107 585 1139 635 et
1158 583 1264 635 motus
1285 569 1441 633 nodorum
1461 587 1500 632 ex
1514 565 1565 633 sita

292 681 417 744 diverso
423 679 540 744 ‚Terrae
554 679 595 744 ad
610 679 769 765 aphelinm
784 693 839 744 aut
848 679 1035 766 perihelium
1046 701 1138 744 suurn
1154 701 1195 742 ex
1209 679 1372 764 utriusque
1382 689 1468 740 mom
1477 675 1566 739 medio

292 787 367 851 dato
381 787 415 849 in
429 787 567 850 secrmdo
579 787 782 874 paragrapho
796 787 939 850 derivare
953 787 1093 852 docetur.

337 893 400 960 His
423 917 464 958 ex
485 895 719 959 excentricitata
731 894 844 959 orbitae
859 895 996 960 Telluris
1010 895 1153 959 deductis
1175 893 1364 982 adjungatur
1377 889 1566 956 consideratio

293 1005 534 1071 excentricitatis
555 1003 669 1070 orbitas
689 1006 819 1084 lunaris,
842 1017 898 1070 aut
918 1008 985 1092 ejus
1005 1006 1215 1072 inclinationis
1237 1005 1278 1070 ad
1299 1005 1487 1090 ecliptieam:
1506 1001 1565 1066 inde

293 1137 384 1180 novae
397 1116 641 1203 irregularitates
654 1117 814 1202 prioribus
829 1117 1051 1184 adnascuntur.

339 1222 458 1302 Prirnd,
469 1225 587 1288 mensis
592 1223 774 1310 periodicas
782 1225 879 1310 paulo
893 1227 995 1317 mpjor
1009 1226 1046 1290 fit
1060 1224 1134 1291 edm
1147 1224 1231 1290 lines
1247 1223 1394 1311 epsidnm
1406 1246 1464 1310 per
1479 1224 1567 1290 Solen
1609 1237 1610 1246 ’

293 1331 407 1395 transit
420 1328 515 1416 quim
534 1328 609 1394 edm
622 1332 685 1416 ipsi
697 1345 746 1396 est
756 1322 1036 1418 perpendicularis,
1058 1335 1135 1398 hino
1155 1335 1308 1398 eorrectio
1323 1357 1406 1398 nova
1419 1331 1567 1419 requetioni

292 1448 396 1500 motus
416 1436 522 1514 medii,
547 1459 620 1523 quae
642 1437 675 1500 in
697 1439 803 1524 primo
824 1439 942 1504 Scholii
963 1442 1162 1528 paragrapho
1181 1441 1360 1527 exponitur,
1376 1454 1425 1504 est
1436 1439 1567 1514 iacienda,

292 1549 375 1614 hano
388 1573 502 1613 novam
516 1551 726 1636 aquationem
746 1551 791 1616 ill.
808 1551 958 1617 Cassinns
974 1553 1102 1618 exhibet
1123 1555 1156 1616 in
1177 1553 1292 1619 tabella
1308 1554 1399 1638 cujus
1411 1551 1515 1616 titulus
1533 1559 1569 1612 st

292 1661 430 1725 &mnia
444 1661 599 1745 AEqoutio
612 1660 730 1726 Seiani
742 1673 775 1726 et
787 1661 882 1726 tertio
895 1663 1094 1750 paragrapho
1110 1663 1228 1730 Scholii
1242 1663 1387 1728 traditur.

337 1766 453 1832 Itidem
466 1767 493 1830 si
507 1767 591 1832 linea
598 1768 757 1833 nodorum
765 1791 825 1855 per
836 1770 942 1835 Solem
950 1783 1097 1848 transeat,
1108 1771 1204 1857 paulo
1212 1772 1312 1856 major
1326 1771 1388 1833 erit
1400 1767 1480 1834 Solis
1494 1764 1568 1838 actio,
1610 1837 1611 1846 χ

292 1888 325 1941 et
345 1875 499 1940 correon’o
512 1897 598 1941 nova
611 1876 726 1941 exinde
740 1889 886 1941 nasoetur
905 1877 1007 1942 eidem
1022 1879 1122 1944 motui
1136 1877 1251 1956 medio,
1274 1877 1357 1940 hunc
1372 1887 1483 1962 quarto
1496 1891 1569 1957 pm·

291 1985 417 2076 grapho
432 1983 552 2052 Scholii
565 1985 684 2051 indicat
699 1985 882 2052 Newtonus.
1391 1973 1394 1978 ¹

338 2095 496 2160 Prteterea
524 2093 742 2160 exoentricitas
771 2097 842 2181 ipsa
870 2095 982 2160 orbitae
1012 2093 1128 2160 lunaris
1159 2115 1200 2157 ex
1228 2091 1353 2155 diverso
1380 2090 1442 2154 situ
1468 2082 1569 2182 apogaei
1610 2107 1611 2114 ¹

291 2215 437 2288 respectu
454 2202 536 2268 Solis
550 2214 699 2280 mutatur,
722 2223 808 2266 nunc
822 2205 923 2287 major
936 2223 1021 2266 nuno
1035 2203 1140 2266 minor
1153 2197 1267 2278 evadit,
1290 2197 1387 2283 idque
1402 2196 1493 2260 etiam
1510 2193 1570 2254 ins·
1611 2247 1612 2256 ,

292 2310 429 2400 qualiter
442 2332 503 2396 pro
517 2310 664 2375 distantii
681 2310 821 2376 Telluris
836 2334 856 2376 a
872 2312 956 2376 Sole.

295 2465 300 2472 -
337 2419 461 2484 Rursus
482 2419 551 2504 ipse
571 2431 676 2484 motus
698 2422 822 2508 apogoei
836 2431 932 2506 prout
947 2439 1113 2508 apogaeum
1127 2415 1336 2482 diversimode
1358 2417 1453 2480 sitnm
1474 2425 1570 2476 estre·

293 2539 402 2612 spectu
419 2525 502 2592 Solis
514 2539 664 2603 mutatur,
686 2526 763 2591 hinc
775 2527 912 2614 aequatio
925 2525 1049 2614 apogaei
1064 2523 1202 2588 nascitm
1224 2543 1322 2610 eaque
1337 2520 1466 2607 duplex,
1488 2515 1572 2602 prim

294 2632 505 2718 supponendo
518 2631 658 2697 Telluris
673 2656 693 2696 a
709 2633 783 2698 Sole
797 2633 978 2698 distantiam
994 2643 1199 2709 oonstantem,
1217 2630 1316 2694 altera
1329 2627 1407 2694 verd
1422 2625 1530 2712 pendet
1541 2641 1571 2684 ex

294 2738 467 2802 mutatione
481 2737 658 2802 distationae
674 2737 811 2802 Telluris
827 2759 846 2802 a
862 2737 945 2804 Sole.

338 2845 429 2910 Hine
442 2844 571 2910 tandem
584 2842 658 2908 etim
680 2845 791 2910 orbim
810 2846 930 2911 lunaris
941 2845 1053 2925 forma,
1069 2844 1285 2911 excentrioitas
1301 2853 1332 2909 et
1345 2843 1468 2930 apogoei
1478 2835 1571 2925 positio

294 2965 445 3032 mutem,
467 2951 599 3017 omnino
612 2963 775 3018 mutantur
788 2955 999 3020 eorrectiones
1013 2955 1077 3020 illoe
1091 2977 1163 3042 quae
1183 2953 1423 3020 deducebantur
1436 2973 1475 3016 ex
1490 2949 1572 3012 Luae

293 3064 530 3130 excentricitate
542 3063 705 3142 mediocri,
728 3087 801 3152 quas
822 3067 1034 3153 aequationem
1056 3067 1189 3130 solutam
1211 3063 1461 3140 constituebant3
1481 3059 1572 3124 ultimo

294 3184 400 3236 autem
417 3169 536 3237 Scholii
549 3171 750 3260 paragrapho
766 3172 939 3238 Newtonus
962 3175 1055 3238 docet
1069 3174 1129 3261 qui
1145 3173 1266 3238 ratione
1287 3194 1377 3236 novae
1393 3169 1456 3236 illae
1471 3185 1572 3232 correo·

294 3281 396 3346 tiones
418 3279 481 3344 sint
501 3279 720 3345 instituendae:
743 3283 851 3346 omnia
865 3282 940 3346 verd
963 3282 996 3346 in
1016 3281 1078 3350 hoc
1095 3281 1223 3348 Scholio
1245 3282 1313 3346 sine
1326 3274 1572 3346 demonstratione

295 3387 403 3466 tradit,
417 3410 477 3453 nec
490 3387 629 3453 indicato
643 3408 773 3453 suorum
787 3389 980 3454 calculorum
994 3390 1137 3468 artificio,
1154 3389 1288 3476 ideoqhe
1301 3388 1402 3452 nostri
1417 3384 1572 3472 patavino

297 3494 401 3572 officii,
419 3515 490 3560 eam
499 3495 743 3582 indagareriam
757 3497 809 3560 cui
825 3495 997 3561 Newtonus
1012 3497 1046 3560 in
1060 3497 1098 3560 iis
1112 3495 1304 3581 reperiendis
1315 3495 1459 3560 insistere
1472 3483 1571 3559 debuit

296 3600 405 3668 labore
417 3601 546 3690 quidem
567 3623 634 3666 non
654 3623 763 3688 pmo,
786 3625 931 3670 suceessu
946 3603 1173 3692 qualicumque,
1197 3602 1313 3668 utinam
1336 3601 1502 3668 lectoribus
1521 3609 1572 3660 non

297 3722 431 3798 nigram
