3284 5517
137 376 253 451 lomna
267 380 450 463 Tanarus]
474 382 718 452 PRINCIPIA
740 385 1116 455 MATHEMATICA.
1373 401 1437 459 123

135 564 235 617 uutm
257 553 304 638 (id
325 565 373 619 eat
390 555 472 619 vires
495 557 549 639 al
565 556 598 623 T
616 558 652 622 in
672 558 727 645 fig.
741 579 776 643 p.
790 564 844 623 22.
860 572 892 623 et
906 561 973 641 24.)
994 572 1069 626 suut
1082 560 1116 625 in
1130 558 1261 648 singulis
1274 562 1436 647 particulis

134 673 172 725 ut
186 662 342 728 distantiae
354 665 580 749 particularum
594 690 614 731 a
626 669 723 753 plano
739 669 774 745 Q
789 671 831 747 R,
854 683 885 735 et
904 670 954 735 his
968 670 1086 735 viribus
1106 670 1269 756 particulae
1290 672 1353 737 illoe
1367 675 1436 758 pla·

133 792 212 835 nuru
220 771 345 859 fugiunt
352 798 362 850 ;
377 788 409 839 et
421 788 589 862 propterea
603 783 673 863 (per
689 779 780 845 Iaem.
794 780 853 863 11.)
866 780 893 846 si
907 783 1038 847 materia
1048 781 1156 847 annuli
1170 804 1227 868 per
1239 796 1336 849 totam
1345 786 1433 873 globi

134 884 337 969 superficiem
364 887 399 950 in
424 910 545 953 morem
573 890 686 977 figurae
711 971 716 981 .

136 994 686 1085 PapAPepEadsuperiorem

133 1099 220 1164 illam
234 1100 345 1166 'Ibrroe
358 1116 481 1187 partem
496 1106 687 1171 constituen-

133 1206 209 1271 dam
220 1221 431 1297 spargeretur,
447 1211 495 1276 vis
506 1224 538 1276 et
548 1212 685 1277 efficacia

134 1327 201 1381 tota
220 1317 452 1402 ,particularum
477 1321 618 1386 omnium
644 1321 685 1385 ad
756 1366 763 1388 .=
794 1396 818 1417 Ἰ

134 1422 271 1489 Terram
300 1427 384 1491 circa
408 1429 550 1514 quamvis
579 1452 685 1516 oequa·

134 1531 212 1597 toris
232 1532 421 1599 diametrum
440 1535 615 1615 rotandum,
638 1548 685 1601 at·

134 1662 197 1727 que
222 1639 295 1705 ideb
318 1642 360 1706 ad
384 1643 539 1707 movenda
568 1656 687 1728 puncta

133 1747 375 1835 oequiuoctialia,
406 1748 554 1815 evaderet
581 1751 685 1816 minor

133 1852 227 1942 quim
248 1853 337 1940 prius
358 1856 391 1917 in
413 1856 571 1921 ratione2
594 1856 634 1921 ad
652 1868 683 1925 ⁵.

134 1962 275 2049 Ideoque
289 1984 413 2027 annuus
424 1964 684 2049 aequinoctiorum

131 2095 293 2160 regressus
303 2074 371 2159 jam
384 2085 467 2137 esset
477 2072 518 2136 ad
532 2080 608 2139 20¹¹.
623 2076 682 2138 ll‘.

132 2183 203 2245 46''.
220 2193 256 2243 ut
278 2180 375 2244 load
398 2187 527 2248 78092:
550 2202 587 2245 ac
608 2201 684 2265 pro·

132 2288 206 2352 inde
221 2288 312 2352 fieret
326 2289 376 2353 9''.
393 2290 474 2353 56'“.
491 2287 563 2353 50¹¹.

176 2398 337 2461 Caetemm
362 2396 417 2461 hic
439 2391 545 2463 motus
576 2396 616 2485 (³)
642 2402 685 2465 ob

131 2504 365 2570 inclinationem
380 2507 548 2594 aequatoris
562 2507 605 2571 ad
619 2508 752 2592 planum
766 2509 921 2595 eclipticae
935 2508 1133 2587 minuendus,
1157 2508 1252 2596 idque
1266 2509 1300 2571 in
1315 2506 1435 2572 ratione

131 2614 216 2679 ainus
232 2624 338 2685 91706
352 2618 420 2705 (qui
435 2617 521 2683 sinus
537 2631 585 2683 est
599 2619 820 2704 complementi
834 2619 990 2709 graduum
1002 2616 1090 2701 233.)
1106 2618 1146 2682 ad
1161 2602 1433 2682 radium100000.

133 2728 206 2805 Qut
230 2730 352 2795 ratione
366 2743 470 2796 motus
490 2733 549 2797 iste
567 2734 634 2820 jam
648 2733 704 2796 fiet
718 2732 769 2797 9”.
785 2733 845 2801 7‘''.
862 2728 934 2796 20¹&
981 2729 1065 2795 Haec
1081 2741 1129 2794 est
1142 2750 1246 2793 annua
1267 2725 1435 2814 praecessio
1542 2716 1547 2731 Χ

131 2836 391 2920 aequinoctiorum
406 2861 426 2901 a
440 2838 470 2901 vi
487 2838 569 2904 Solis
585 2836 728 2903 oriunda.

175 2941 233 3005 Vis
249 2955 354 3007 autem
371 2944 473 3009 Lunae
488 2943 529 3009 ad
544 2968 631 3010 mare
644 2944 836 3008 movendum
851 2954 919 3008 erat
933 2942 974 3007 ad
989 2942 1052 3005 vim
1069 2940 1160 3018 Solis,
1178 2952 1214 3005 ut
1229 2948 1346 3005 leals
1358 2938 1398 3002 ad
1413 2946 1428 3002 1

133 3048 265 3112 circiter.
312 3051 351 3137 (⁰)
367 3050 411 3114 Et
426 3052 472 3114 vis
489 3050 591 3115 Lunae
606 3052 647 3117 ad
662 3050 1019 3139 oequinoctiamovenda
1034 3049 1137 3113 estad
1152 3049 1213 3111 vim
1238 3047 1320 3113 Solis
1334 3048 1367 3109 in
1382 3044 1436 3109 ei·

132 3155 205 3220 dem
227 3158 443 3241 proportione.
488 3156 632 3244 Indeque
652 3158 760 3243 prodit
781 3180 886 3221 annua
907 3152 1165 3244 aequinoctiorum
1188 3154 1354 3239 praecessio
1370 3150 1434 3218 avi

133 3260 235 3325 Lunae
250 3261 384 3326 oriunda
399 3264 472 3327 40⁹.
485 3266 568 3329 52'''.
581 3262 654 3329 52¹¹.
665 3286 702 3328 ac
716 3277 782 3328 tota
795 3264 964 3349 praecessio
978 3284 1083 3327 annua
1097 3286 1117 3326 a
1131 3262 1162 3326 vi
1178 3260 1311 3347 utrique
1327 3261 1434 3323 oriun-

131 3370 173 3435 da
187 3374 258 3437 50l'.
274 3374 356 3437 00‘''.
375 3370 446 3437 tal.
491 3372 535 3438 Et
549 3372 602 3438 bic
616 3388 720 3438 motus
737 3396 806 3439 curn
820 3374 1038 3459 phaenomenis
1053 3374 1207 3461 congruit.
1254 3372 1336 3435 Nam
1351 3390 1435 3455 prae·

131 3483 231 3546 cessio
245 3483 505 3570 aequinoctiomm
520 3506 560 3548 ex
575 3482 844 3549 observationibus
860 3483 1076 3548 astronomicis
1091 3495 1138 3546 est
1154 3482 1315 3547 annuatim
1329 3480 1434 3543 miuu-

133 3603 238 3655 tonrm
254 3594 465 3659 secundorum
479 3592 553 3679 plus
567 3594 671 3659 minus
686 3594 920 3681 quinquaginta.

175 3698 216 3781 (Ρ)
234 3696 269 3762 Si
290 3698 423 3763 altitudo
445 3698 557 3765 Terrae
571 3700 612 3763 ad
628 3709 818 3786 oequatorem
834 3710 960 3783 superet
975 3697 1170 3762 altitudinem
1186 3698 1252 3783 ejus
1270 3696 1310 3759 ad
1330 3696 1430 3780 polos,

131 3806 316 3871 milliaribus
330 3808 474 3893 pluribus
485 3810 580 3897 quim
597 3814 669 3894 173¹„
685 3810 816 3874 materia
830 3812 897 3894 ejus
912 3808 1013 3872 rarior
1022 3807 1082 3871 erit
1096 3806 1136 3870 ad
1150 3806 1432 3869 circumferentiam

132 3914 226 4003 qudrn
254 3918 295 3980 ad
320 3928 479 3984 centrum:
515 3932 547 3984 et
574 3920 741 4005 praecessio
766 3918 1029 4004 aequinoctiorum
1052 3916 1094 3979 ob
1118 3914 1316 3979 altitudinem
1345 3914 1431 3979 illam

131 4023 249 4111 augeri,
266 4024 308 4087 ob
323 4026 483 4089 raritatem
498 4026 630 4090 diminui
644 4025 747 4090 debet.

163 4193 200 4257 (¹)
218 4197 232 4226 ⁶
251 4196 476 4245 otmarum
513 4194 561 4243 Pro
571 4197 655 4259 majori
665 4196 703 4243 vel
712 4195 758 4243 mi·
799 4202 906 4243 arrunte
923 4193 1040 4241 minuitur
1055 4201 1135 4241 motus
1153 4192 1193 4241 illc
1212 4191 1237 4239 in
1254 4191 1343 4240 ratione
1364 4190 1431 4241 anila

130 4259 182 4305 nori
189 4258 339 4305 inclinatione
346 4257 410 4318 plani
417 4260 679 4321 aquatorisauptsnum
687 4261 758 4320 oclip-
800 4264 887 4309 91706.
901 4258 941 4321 qui
952 4258 1018 4305 ainus
1028 4267 1063 4305 ert
1073 4256 1239 4317 complemeuti
1252 4259 1370 4321 graduum
1382 4256 1431 4321 ἰδῇ

130 4324 182 4369 ticoe
193 4323 308 4369 minorem
319 4338 369 4369 eme
378 4323 415 4369 rel
425 4324 538 4385 majorem
546 4337 677 4387 regresmrn
686 4324 759 4387 aqui·
800 4323 831 4373 ad
842 4323 935 4371 redium
950 4326 1050 4371 loooou.

130 4387 261 4433 medorum
272 4396 337 4447 petet
346 4402 375 4433 ex
387 4397 437 4435 not.
453 4391 506 4435 101.
520 4386 575 4437 Lib.
588 4390 667 4451 buius.
693 4387 760 4435 Illud
834 4388 868 4448 (⁰)
882 4391 895 4418 ⁰
909 4386 986 4436 lituis
997 4389 1083 4435 Lunae.
1119 4386 1187 4449 (Cor.
1202 4390 1238 4433 18.
1253 4390 1291 4435 19.
1306 4386 1362 4435 Lib·
1376 4384 1414 4449 1.)

130 4460 209 4497 autem
221 4450 397 4499 decrementum
408 4451 533 4508 obtinetur,
545 4452 565 4499 si
576 4452 698 4499 minuatur
707 4466 760 4498 mo-
835 4452 869 4513 (Ρ)
880 4456 893 4482 ·
902 4454 928 4499 Si
938 4452 1035 4501 attium
1050 4452 1137 4499 Tm.
1169 4448 1227 4506 Qua
1235 4450 1299 4502 euim
1310 4449 1379 4499 altior
1387 4452 1430 4499 erit

131 4523 169 4560 tus
179 4516 204 4561 iu
215 4514 304 4561 ratione
314 4514 381 4561 sinus
389 4516 556 4576 complemeuti
563 4515 722 4563 inclinationis
729 4514 760 4563 ed
800 4516 898 4563 materia
913 4516 943 4563 ad
959 4524 1107 4577 cunctorem,
1125 4513 1155 4563 ed
1171 4512 1243 4563 levior
1257 4516 1287 4563 sit
1296 4524 1387 4577 oportet
1402 4524 1431 4565 ut

8 4572 9 4585 ¹
130 4578 230 4627 redium
266 4578 313 4627 sed
332 4580 430 4641 planum
448 4581 574 4643 aquatoris
589 4580 714 4628 inclinatur
730 4578 762 4627 cd
801 4578 922 4627 materiam
933 4594 987 4643 qun
998 4588 1118 4626 satiemus
1127 4578 1193 4639 polos
1204 4578 1367 4641 inequilibrio
1376 4594 1429 4639 por·

131 4641 228 4701 planum
245 4642 359 4703 ecliptica
374 4644 486 4706 gradibus
504 4643 553 4708 23}
572 4642 671 4701 circiter,
687 4641 761 4707 quari
801 4644 833 4692 rit
846 4644 966 4691 sustinere.
1001 4642 1119 4693 Ceterum
1130 4642 1186 4705 quie
1196 4644 1221 4689 in
1232 4646 1306 4691 tribus
1316 4658 1363 4691 non
1375 4642 1431 4691 satia

131 4704 186 4755 com
201 4717 281 4753 motus
290 4707 484 4770 nquincctiorum
495 4707 523 4757 iit
533 4707 689 4767 urdiuinuu,
705 4706 761 4757 atis
801 4706 925 4757 laudandis
942 4706 1151 4755 Dissertationibua
1168 4706 1221 4774 Vol.
1238 4706 1292 4755 111.
1304 4706 1430 4773 adjunctis,

162 4794 224 4843 Vor.
240 4793 293 4842 111.
308 4794 374 4842 Pasa
386 4794 425 4844 11.
768 4796 783 4843 l
