3284 5517
148 408 151 411 “
193 392 234 461 96
495 380 836 451 PHILOSOPHIAE
861 376 1137 445 NATURALIS
1169 374 1489 456 [nemorosius.

195 567 229 631 in
249 564 411 629 minorem.
458 560 501 626 Et
521 562 666 627 fluxuum
690 556 866 623 differentia
880 556 1017 619 maxima
1037 554 1153 619 inci'dct
1168 552 1206 639 (⁰)
1222 553 1255 615 itt
1269 564 1412 636 tempora
1426 549 1489 614 tol-

193 676 368 750 stitiorum;
404 672 580 758 ptaesertim
605 676 632 733 si
655 670 758 733 Lunae
781 666 884 731 nodus
908 664 1079 739 ascendens
1105 675 1248 729 versatur
1272 662 1307 725 in
1329 659 1488 745 principio

199 790 325 857 Arietis.
372 786 424 851 Sic
449 781 639 869 experientiis
664 792 858 865 compertum
880 790 937 856 est,
961 776 1046 864 quod
1066 790 1161 840 aesuts
1181 772 1327 837 matutini
1346 784 1491 855 temporo

197 904 340 991 hyberno
355 910 503 984 superant
517 896 718 979 vespertinos,
736 907 767 958 at
781 890 950 976 vespertini
966 902 1108 973 tempore
1122 886 1231 950 aestivo
1247 883 1428 957 matutinos,
1448 880 1492 945 ad

200 1012 405 1101 Plymuthum
419 1008 546 1096 quidem
561 1006 724 1071 altitudine
739 1004 828 1091 quasi
842 1002 932 1089 pedis
946 1002 1050 1077 unius,
1073 999 1114 1064 ad
1134 996 1316 1064 Bristoliato
1330 994 1406 1059 verit
1420 994 1493 1065 alti·⁴

199 1126 307 1192 tudine
322 1120 499 1211 quindecim
513 1119 704 1209 digitorum:
729 1114 965 1181 observantibus
982 1111 1181 1197 Colepressio
1194 1123 1227 1175 et
1243 1108 1393 1175 Sturmio.

245 1238 354 1302 Motus
377 1244 481 1298 autem
502 1232 653 1296 hactenus
669 1227 816 1314 descripti
838 1238 1000 1291 mutantur
1014 1223 1241 1311 aliquantulum
1255 1219 1392 1305 pervim
1405 1218 1492 1282 illam

201 1344 453 1433 reciprocationis
475 1364 636 1431 aquarum,
660 1340 719 1430 qui
743 1340 838 1404 maris
853 1353 957 1416 aestus,
975 1338 1070 1402 etiam
1085 1334 1277 1401 cessantibus
1291 1332 1494 1396 luminarium

203 1458 387 1536 actionibus,
413 1468 521 1541 posset
546 1452 736 1540 aliquamdiu
761 1472 970 1536 perseverare.
1025 1446 1234 1514 Consertatio
1258 1444 1365 1510 ltaecce
1389 1443 1495 1508 motds

202 1568 344 1655 impressi
364 1565 477 1631 minuit
496 1562 703 1627 differentiam
724 1574 857 1624 cestuum
872 1558 1084 1634 alternorum3
1107 1567 1140 1621 et
1154 1568 1248 1621 aestus
1263 1551 1408 1639 proximi
1422 1563 1497 1637 post

201 1680 344 1769 syzygias
358 1678 490 1762 majores
505 1672 617 1749 reddit,
634 1694 749 1757 eosque
764 1668 912 1755 proximi¹
926 1682 999 1755 post
1014 1668 1219 1756 quadraturas
1233 1664 1356 1729 minuit.
1399 1662 1496 1728 Unde

203 1790 240 1853 lit
260 1802 296 1853 ut
317 1800 410 1851 aestus
430 1784 540 1849 alterni
560 1781 600 1845 ad
621 1779 826 1866 Plymuthum
839 1778 881 1843 ad
898 1777 1079 1843 Bristoliam
1094 1798 1159 1839 nott
1173 1773 1274 1842 multo
1288 1773 1389 1861 magis
1404 1772 1497 1836 diffo-

204 1913 274 1963 rant
298 1898 337 1962 ab
362 1897 495 1960 invicem
516 1892 610 1980 quim
632 1890 795 1955 altitudine
813 1888 904 1973 pedis
924 1890 1017 1954 nnius
1035 1888 1085 1953 vel
1105 1886 1275 1975 digitorum
1295 1884 1496 1972 quindecim3

203 2022 300 2095 utque
319 2021 413 2072 aestus
435 2006 574 2070 omnium
596 2001 726 2067 maximi
750 2002 781 2063 itt
803 2000 915 2065 iisdem
929 2001 1094 2085 portubus,
1111 2021 1176 2063 non
1190 1999 1253 2062 siut
1265 1997 1361 2083 primi
1375 2021 1395 2061 a
1409 2019 1498 2083 syzy.

203 2119 274 2207 giis,
300 2116 355 2180 sed
380 2114 473 2179 tertii.
520 2110 731 2176 Retordantur
752 2110 845 2174 etiam
869 2124 976 2174 motus
995 2130 1105 2174 ornnes
1126 2109 1160 2173 in
1179 2108 1311 2172 transitu
1329 2128 1388 2193 per
1406 2107 1497 2183 vada,

204 2226 285 2289 adeo
307 2234 342 2286 ut
363 2233 458 2285 aestua
479 2218 621 2283 omnium
644 2216 784 2293 matrimi,
805 2218 839 2281 in
859 2216 947 2281 iretis
966 2216 1154 2304 quibusdam
1167 2229 1200 2281 et
1212 2214 1381 2280 flutiortun
1399 2215 1498 2291 ardu,

207 2334 246 2419 (Ρ)
262 2332 325 2397 sint
339 2329 441 2416 quarti
455 2328 506 2393 vel
520 2327 615 2391 etiam
631 2327 733 2413 quinti
746 2350 766 2391 ιι
780 2326 924 2414 syzygiis.

239 2528 626 2605 (⁰)tf1utsmpososolst's'tt'orass.
656 2524 798 2575 Tuncenim
810 2524 836 2601 itt
868 2524 1012 2591 gendoterd
1027 2522 1058 2574 ds
1073 2523 1110 2573 his
1122 2523 1241 2601 littort'bus
1262 2520 1500 2601 ‘roeeanils'titpdi

207 2589 837 2717 ttttttttttltittttt‘lttltt?titt
869 2589 977 2701 trad
985 2592 1189 2701 mittin,
1204 2586 1500 2700 edwini

207 2720 338 2782 augebitur,
351 2721 368 2766 si
383 2719 460 2766 Luna
472 2716 547 2765 nodus
557 2716 683 2764 ascendens
695 2727 798 2764 versatur
812 2716 839 2762 iu
870 2716 977 2764 lunarem
1012 2728 1101 2764 uartsnt
1119 2717 1155 2764 sel
1174 2716 1294 2779 quintam
1311 2714 1397 2763 deinde
1413 2712 1443 2761 sd
1462 2730 1501 2760 os-

207 2782 322 2845 principio
336 2782 436 2840 Arietis3
449 2796 503 2828 nam
515 2780 766 2840 preordedtnttionn
779 2779 840 2827 Solis
872 2781 933 2828 tium
952 2780 1015 2828 lintis
1036 2782 1183 2828 Amasonum
1200 2776 1348 2835 horisonti,
1368 2779 1398 2825 ad
1414 2778 1503 2824 insulas

208 2848 342 2903 maximam,
360 2846 432 2892 Luna
444 2860 537 2908 quoque
550 2844 598 2891 Soli
610 2846 735 2908 conjuncta
745 2840 839 2907 quanti-
872 2842 928 2892 rard
943 2843 1075 2893 sd‘soentes
1089 2844 1148 2892 lsord
1162 2842 1252 2907 quarti,
1368 2842 1399 2890 ad
1415 2842 1504 2888 insulas

208 2920 256 2958 tate
272 2908 402 2957 latitudinis
418 2908 528 2957 maxima
538 2908 563 2955 in
574 2910 666 2955 boream
678 2918 720 2956 aut
733 2916 839 2955 austrtnn
875 2908 964 2956 Bermu
1020 2908 1078 2957 hori
1093 2906 1192 2969 septimi
1206 2916 1230 2955 et
1294 2906 1395 2955 Florida
1409 2916 1503 2967 portum

208 2975 284 3037 magis
299 2972 407 3021 declinat.
442 2972 508 3020 Hine
524 2970 552 3018 tt
566 2970 651 3019 fluctus
664 2971 764 3019 borealis
775 2972 842 3021 nobis
876 2972 900 3021 8,
918 2972 1044 3035 Augustini
1055 2971 1112 3020 hotd
1124 2972 1162 3037 ⁷l·
1188 2972 1290 3020 Tardius
1301 2970 1372 3032 igitur
1382 2968 1503 3033 progredi·

209 3036 366 3149 ιίὂοὲιιίιιίιιιιιι1
379 3046 403 3147 οὲ
417 3034 621 3147 flucppsrpqstrslis
631 3036 799 3084 remotissimus
815 3035 842 3083 itt
873 3046 1046 3149 tittmasetper
1061 3052 1175 3113 οοειιιιιιιιι
1191 3034 1317 3147 (12ιῖμο
1327 3032 1505 3146 mmpptd:

209 3118 224 3151 a
255 3118 292 3149 em
304 3116 358 3147 tero
369 3118 384 3147 ιι
403 3116 449 3147 one
476 3115 500 3147 tu
898 3115 967 3146 unse·
1066 3117 1081 3147 n
1272 3114 1332 3147 secee
1476 3113 1492 3142 ιι

242 3166 278 3231 (⁹)
291 3168 304 3197 ⁸
318 3166 370 3213 Sint
381 3167 461 3227 quarti
470 3167 506 3213 sel
515 3166 583 3212 etiosa
595 3166 679 3227 quisti.
716 3164 746 3211 in
760 3164 841 3225 Opus·
872 3178 937 3211 mare
947 3116 1341 3225 eidempie‘mffiffimdattmer
1350 3162 1472 3211 Brasiliant
1481 3171 1505 3207 st

210 3230 265 3277 culo
286 3230 315 3277 de
334 3229 422 3276 Mundi
444 3230 572 3289 systemate
591 3226 698 3290 quedam
715 3237 843 3277 οωιιιτιιιιι
875 3228 969 3277 Novam
989 3228 1117 3282 Franciam.
1135 3226 1330 3291 mndatqusad
1345 3227 1435 3274 insulas
1449 3225 1503 3273 For·

210 3292 647 3355 observationesqueadhunclocum
662 3292 785 3354 pertinent,
802 3308 843 3339 eas
874 3301 966 3340 tuuatas
987 3303 1012 3339 et
1033 3292 1110 3339 littora
1134 3292 1235 3353 Europe
1255 3302 1280 3339 et
1300 3291 1388 3339 Affieoe
1404 3300 1427 3338 et
1442 3290 1502 3335 vice·

210 3358 289 3421 itsque
304 3356 467 3405 exscribamus
505 3355 567 3403 Fieri
583 3355 652 3403 etism
668 3366 749 3417 potest,
766 3356 844 3421 inquit
874 3354 946 3404 versi.
983 3356 1092 3420 Namque
1107 3371 1170 3403 mare
1186 3355 1309 3403 ascendero
1320 3356 1402 3419 nequit
1416 3354 1442 3401 in
1456 3368 1505 3400 utto

211 3432 286 3478 sutor,
298 3432 325 3468 ut
336 3432 407 3467 astus
417 3420 524 3468 omnium
534 3419 651 3467 maximus
661 3420 691 3466 sit
701 3431 797 3483 qrtsrtua
806 3420 843 3470 vel
874 3420 928 3469 loco
937 3422 995 3483 quin
1005 3420 1076 3468 simul
1086 3419 1210 3469 dmndas
1223 3422 1249 3467 itt
1259 3420 1340 3468 altero.
1378 3419 1443 3480 lege
1455 3418 1504 3479 jam

211 3488 308 3549 quintus
319 3501 333 3533 a
343 3485 444 3547 syzygiis
454 3484 490 3531 sel
507 3483 594 3531 tardius
610 3484 723 3543 adveniat,
741 3482 844 3549 edquod
875 3484 988 3545 descripti
1003 3484 1086 3549 agitati
1095 3500 1189 3548 quoque
1199 3500 1264 3532 mate
1283 3483 1412 3530 Pacidenm
1428 3481 1506 3528 serisi-

212 3550 359 3597 retsrdantur
375 3558 453 3595 motus
468 3548 569 3595 marium
585 3548 610 3595 itt
627 3548 725 3595 transitu
741 3564 782 3610 per
793 3550 843 3599 loos
874 3549 931 3597 mile
948 3558 990 3597 ast.
1037 3548 1147 3612 Namque
1165 3560 1236 3597 ustus
1256 3547 1361 3596 atti-imi
1383 3546 1408 3592 in
1430 3545 1506 3592 littore

213 3614 298 3662 vadosa
315 3613 345 3660 ad
364 3612 448 3661 littora.
486 3612 524 3659 Sic
541 3612 604 3661 enim
621 3622 692 3660 reatus
710 3614 800 3661 mredit
814 3614 845 3661 ad
879 3612 992 3662 citiliettsi
1007 3622 1032 3662 et
1049 3612 1293 3661 Petutisttoluridere
1303 3610 1450 3659 dieunttuin
1464 3610 1505 3655 lto

213 3676 280 3725 litttu
296 3676 439 3725 occidentale
462 3676 584 3724 Hibernia
602 3676 661 3725 ltotd
676 3676 744 3725 rents
759 3676 843 3737 lunari,
876 3692 927 3725 raro
942 3676 1034 3725 tertiam
1050 3676 1165 3733 Ιιιιιιιιιιιι,
1175 3677 1216 3725 ssd
1226 3674 1274 3740 qud
1289 3675 1410 3723 velocitate
1424 3687 1506 3735 propa·

215 3752 239 3788 et
249 3750 302 3802 post
316 3742 398 3788 horam
414 3754 487 3788 uttam
498 3750 522 3787 et
532 3742 627 3789 alteram
638 3741 668 3788 ad
680 3754 760 3801 portus
770 3742 795 3788 itt
806 3740 844 3789 lit·
877 3753 965 3805 gantur
975 3742 1030 3789 inde
1041 3741 1071 3789 sd
1081 3741 1147 3789 littus
1156 3740 1269 3789 oriwtale
1279 3740 1387 3801 Japoniat
1397 3749 1421 3785 st
1430 3736 1460 3784 ad
1471 3738 1507 3783 in·

215 3812 265 3852 tore
287 3806 380 3852 australi
402 3804 506 3867 ejusdem
528 3804 612 3853 menits
629 3814 656 3853 ut
672 3816 696 3851 et
711 3804 741 3852 ad
758 3804 847 3853 insulas
878 3805 942 3853 solas
954 3806 1101 3867 Philippinss
1111 3816 1252 3869 mersaque
1261 3816 1336 3869 regno
1346 3804 1457 3851 simum
1466 3799 1508 3848 ad-

218 3868 368 3917 Cassiterides
378 3868 451 3931 rulgti
462 3866 556 3931 sorling
567 3870 646 3918 dictas
684 3868 747 3916 Dein
755 3884 847 3917 succes·
875 3869 979 3933 jaosnoes
990 3868 1097 3917 noodtun
1107 3869 1188 3930 reperi.

216 3931 266 3981 sits
280 3931 310 3980 sd
330 3932 490 3987 Faltttuthutn,
502 3930 666 3996 Plymuthum,
687 3932 847 3981 Pottlandiant
914 3938 967 3981 108.
988 3932 1018 3981 ln
1035 3932 1105 3981 sisois
1123 3932 1250 3982 fluminum
1266 3931 1356 3995 pendet
1368 3929 1473 3979 influxus
1485 3936 1510 3976 st

216 3994 327 4053 insulam,
340 3997 445 4051 Vectatn,
459 3996 647 4055 wittensheim,
664 3996 797 4051 Dovetim,
809 4012 847 4045 os·
879 3996 982 4045 refluxus
1000 4013 1015 4046 a
1033 3996 1158 4045 fluminum
1175 4012 1255 4045 ornan
1292 3998 1357 4045 Naso
1371 4008 1454 4043 cursus
1469 3993 1510 4041 ills

217 4058 279 4107 tium
299 4060 405 4108 Tamesis
423 4070 447 4107 et
466 4060 566 4107 Pontem
586 4060 767 4114 Londtnensem
790 4074 847 4108 oon-
878 4060 1029 4124 tacitaquatn
1039 4060 1129 4109 tarslids
1139 4060 1237 4110 influere
1248 4076 1276 4109 er
1287 4062 1355 4117 mari,
1371 4070 1395 4107 et
1410 4059 1435 4105 iu
1445 4070 1511 4105 mass

219 4124 318 4185 sumptis
332 4124 395 4171 horis
409 4123 533 4172 duodecim
548 4126 572 4171 in
587 4126 630 4172 hoc
641 4124 729 4171 itinere.
766 4124 813 4172 Sed
823 4134 848 4174 et
880 4124 949 4172 citius
957 4135 983 4173 et
998 4124 1100 4173 velocius
1115 4124 1213 4174 refluas
1223 4124 1293 4189 atqui
1304 4122 1365 4172 sdsd
1373 4122 1464 4171 diutius
1474 4136 1511 4169 re-

219 4186 300 4235 oosani
311 4187 383 4249 ipsius
397 4188 468 4236 alteia
479 4188 541 4235 haud
552 4188 606 4235 satis
618 4186 739 4249 profundis
750 4188 848 4250 impedi-
880 4186 953 4236 fluere
968 4188 1040 4252 qudot
1055 4188 1161 4246 inlinere,
1178 4188 1306 4251 ἰιιιιιιαιίιιι
1316 4189 1336 4237 si
1347 4186 1418 4251 longe
1429 4185 1454 4233 in
1464 4184 1512 4233 flu·

218 4258 259 4299 tut
277 4260 377 4299 estuutn
393 4252 537 4315 propagutio,
557 4252 638 4300 incidit
654 4252 717 4299 coita
733 4262 803 4299 estus
818 4252 850 4300 ad
880 4268 936 4300 men
947 4252 1079 4301 ascenditur
1090 4254 1130 4301 ubi
1141 4254 1262 4301 aumas
1272 4252 1394 4301 sismaris.
1431 4250 1512 4298 Sitia

218 4314 309 4363 insulas
329 4316 468 4363 Fortunatas
487 4324 511 4363 et
527 4315 557 4362 ad
575 4314 727 4363 occidentalis
744 4316 802 4365 ω’
882 4314 956 4365 fluxio
969 4318 1060 4364 Aeone
1075 4318 1105 4365 ad
1122 4318 1218 4365 tertium
1232 4317 1333 4379 lapidem
1349 4314 1411 4363 iniri
1425 4314 1513 4363 litiato-

223 4378 343 4428 Atlsntioo
366 4380 469 4441 exposita
495 4378 574 4427 littora
603 4380 730 4441 Hiberniae.
756 4380 801 4427 Gal
819 4397 849 4438 ι,
881 4380 938 4429 liam
949 4381 1019 4429 refert
1032 4381 1397 4445 Sturmiusaquamborisquinis
1408 4378 1512 4433 influere,

223 4442 376 4503 Hispanieet
387 4444 474 4491 Anien
485 4445 555 4491 totius
563 4443 677 4507 usquead
688 4444 766 4504 Caput
776 4444 851 4491 Boo·
883 4444 985 4506 reptems
995 4445 1091 4493 refluere
1102 4444 1171 4507 suptd
1185 4446 1327 4502 Brittolistn,
1344 4456 1372 4491 ιιι
1382 4444 1412 4492 sd
1426 4444 1514 4492 Canes-

224 4508 277 4569 Spei
289 4506 314 4553 in
324 4508 405 4555 horam
416 4508 508 4555 tertiam
524 4508 638 4565 lunarem,
657 4520 810 4571 preterquam
825 4508 851 4555 itt
883 4510 938 4555 ham
949 4510 986 4555 tal
999 4510 1139 4557 Bathottism
1150 4510 1282 4558 differentia
1292 4510 1373 4573 procui
1383 4508 1457 4555 dubio
1464 4522 1515 4554 tos·

222 4572 279 4619 loeis
294 4571 415 4618 nonnullis
426 4570 517 4619 vadosis
526 4572 567 4619 ubi
583 4582 654 4618 estus
669 4571 793 4633 impeditus
804 4580 851 4619 tar-
881 4572 920 4634 jor
930 4582 971 4620 est.
1009 4573 1100 4621 Pendet
1114 4574 1184 4622 stiam
1195 4576 1246 4622 ltatc
1256 4573 1389 4622 differentia
1399 4588 1413 4621 a
1424 4572 1517 4648 magui·

222 4635 278 4684 dids
288 4635 388 4693 advenit,
401 4636 472 4698 inque
482 4634 543 4683 itero
551 4636 671 4683 Gaditano
678 4635 742 4698 quod
750 4646 817 4684 motu
825 4650 855 4683 ex
888 4637 971 4684 tudine
981 4636 1060 4685 llusds
1069 4648 1094 4685 st
1104 4636 1214 4687 telluris.
1251 4640 1313 4687 Nam
1328 4652 1401 4700 prope
1416 4638 1519 4684 lumsna·

224 4700 282 4749 mari
295 4698 469 4749 mediterraneo
479 4698 683 4764 propagandum
694 4708 791 4761 ιιιιιιιιι
802 4714 855 4763 per·
887 4702 1074 4768 nummygiu,
1091 4703 1249 4753 ιειιειωιιιιοι
1259 4698 1522 4754 masmanna·
