3284 5517
371 409 383 446 ο
430 354 621 424 FLUXUS
642 355 705 422 AC
728 355 984 434 RErLUxus
1007 357 1169 436 MARlS.
1380 369 1439 440 Ι891
1485 449 1487 462 .

156 523 260 590 Lunae
280 545 338 608 per
357 523 567 590 meridianum
581 525 763 613 contingere
776 524 913 604 debebit,
935 525 970 590 id
989 526 1162 613 quodcum
1176 528 1445 618 observationibus

155 632 190 694 in
211 653 330 696 oceano
350 631 451 696 libero
472 632 621 696 institutis
635 632 759 720 egregie
774 634 935 710 convenit;
958 632 1100 721 hancque
1114 635 1233 702 idcirco
1252 638 1442 725 praecipuam

152 739 247 825 hujus
261 737 478 804 retardationis
492 761 618 803 causam
630 737 743 804 meriti)
756 740 960 828 assignamus.

196 853 221 930 ᾗ.
241 854 313 911 102.
336 844 481 912 Tertium
494 844 727 931 phanomenon
741 845 920 932 suppeditat
933 845 1027 912 astus
1042 849 1235 936 magnitudo,
1252 872 1323 937 quoe
1338 863 1444 916 autem

153 968 218 1022 tam
247 956 376 1020 diversis
402 955 479 1020 locis
508 964 600 1042 quam
630 957 760 1022 diversis
782 958 1018 1048 tempestatibus
1041 959 1178 1026 maxime
1205 973 1252 1026 est
1276 963 1442 1028 mutabilis.

151 1065 287 1132 Interim
301 1077 406 1130 tamen
420 1064 558 1149 exceptis
573 1065 752 1130 enormibus
765 1065 827 1130 illis
842 1067 990 1146 aestubus,
1002 1067 1056 1154 qui
1070 1068 1228 1132 nonnullis
1242 1070 1275 1134 in
1290 1071 1443 1154 portubus

153 1172 314 1239 observari
335 1172 446 1250 solent,
469 1171 581 1258 reliqui
595 1193 670 1242 cum
683 1180 790 1236 nostra
813 1171 933 1238 theoria
954 1173 1080 1262 egregie
1095 1176 1309 1254 consentiunt3
1332 1177 1442 1260 inertifi

68 1353 72 1357 ,
151 1287 237 1353 enim
250 1283 383 1362 sublati,
398 1283 574 1348 invenimus
589 1283 647 1348 sub
660 1296 820 1370 aeqmtore
834 1285 1007 1350 maximum
1021 1297 1133 1351 aestum
1148 1286 1215 1352 fore
1236 1309 1294 1374 per
1309 1289 1443 1373 spatium

151 1398 275 1475 circiter
296 1407 318 1462 4
338 1395 467 1483 pedum,
490 1395 531 1460 ab
553 1394 665 1460 inertia
678 1408 783 1460 autem
802 1395 866 1460 boc
886 1395 1084 1461 intervallum
1098 1399 1207 1485 augeri
1227 1399 1271 1462 ita
1284 1412 1320 1463 ut
1333 1399 1441 1484 duplo,

151 1509 202 1575 vel
216 1507 320 1599 triplo,
333 1508 384 1595 vel
397 1506 491 1572 etiam
500 1504 677 1594 quadruplo
691 1516 723 1572 et
736 1506 807 1590 plus
818 1505 874 1569 fiat
887 1506 998 1590 majus,
1012 1519 1108 1591 prout
1120 1505 1208 1572 valor
1222 1507 1318 1592 ipsius
1332 1509 1442 1595 g(vid.

148 1624 178 1702 l.
194 1618 261 1699 82.)
276 1618 379 1682 minor
396 1617 490 1682 fuerit
510 1615 561 1680 vel
580 1618 690 1700 major,
706 1616 823 1702 quippe
836 1615 891 1702 qui
912 1613 1090 1682 afacultate
1104 1615 1212 1680 oceani
1234 1637 1301 1680 sese
1315 1617 1442 1703 proprii

150 1728 208 1794 sut
223 1726 254 1790 vi
274 1726 309 1790 in
323 1737 438 1791 statum
451 1722 618 1811 oequilibrii
632 1721 816 1788 restituendi
836 1721 953 1807 pendet
960 1745 969 1798 3
992 1743 1033 1786 ex
1047 1745 1111 1808 quo
1125 1722 1185 1787 sub
1199 1735 1358 1808 aequatore
1372 1747 1441 1810 spa-

57 1832 66 1841 ⁵
151 1833 231 1898 tium
250 1854 309 1917 per
332 1831 417 1918 quod
438 1831 593 1896 maximus
613 1841 710 1895 aestus
729 1828 866 1916 agitatur
879 1829 921 1894 ad
936 1839 966 1908 8,
987 1837 1036 1907 12,
1057 1837 1095 1909 16
1111 1842 1143 1894 et
1156 1829 1262 1914 plures
1277 1831 1372 1915 podes
1387 1853 1442 1896 ex·

149 1965 280 2032 surgere
302 1926 417 2028 potest
471 1941 512 2008 In
537 1939 716 2028 regionibus
738 1949 845 2004 autem
868 1939 908 2002 ab
932 1952 1090 2026 aequatore
1115 1939 1244 2004 remotis
1267 1940 1442 2006 invenimus

149 2047 398 2137 magnitudinem
420 2045 515 2111 astus
537 2059 644 2111 tenere
669 2044 822 2110 rationem
850 2045 1040 2130 duplicatam
1069 2044 1232 2110 cosiuuum
1261 2045 1441 2114 elevationis

147 2157 225 2244 poli,
247 2156 333 2236 unde
354 2156 414 2221 sub
435 2155 607 2220 elevatione
627 2154 694 2240 poli
715 2151 791 2233 45⁰,
814 2154 1000 2243 magnitudo
1014 2151 1110 2218 aestlrs
1124 2155 1247 2219 circiter
1267 2155 1365 2242 duplo
1383 2159 1442 2224 erit

149 2269 254 2339 minor
268 2267 363 2353 quim
372 2266 438 2344 ⁸sub
453 2266 523 2350 ipso
536 2278 694 2352 aquatore
702 2287 712 2341 3
734 2264 822 2350 cujus
836 2263 949 2329 veritas
970 2264 1004 2326 in
1025 2262 1102 2328 locis
1118 2285 1137 2326 a
1150 2263 1305 2330 littoribus
1323 2265 1441 2352 aliquot

147 2377 294 2447 milliaria
307 2377 437 2442 remotis
457 2397 515 2464 per
530 2377 755 2461 experientiam
770 2373 884 2438 eximie
907 2373 1137 2457 comprobatur.
1183 2373 1441 2460 Deprehenditur

148 2488 234 2555 enim
253 2488 371 2575 ubique
390 2489 425 2554 in
446 2487 524 2552 locis
544 2510 565 2551 a
584 2487 742 2552 littoribus
761 2485 890 2550 remotis
911 2495 1005 2554 estus
1027 2483 1127 2548 multb
1153 2467 1257 2546 minor
1280 2485 1373 2569 quani
1399 2485 1441 2548 ad

147 2596 256 2663 littora
262 2621 274 2674 3
303 2598 392 2682 cujus
412 2596 599 2670 diacdmiuis
620 2618 716 2662 causa
735 2595 769 2660 iu
788 2594 932 2682 sequenti
955 2593 1066 2678 Capite
1087 2592 1223 2657 dilucide
1243 2593 1439 2658 indicabitur.

149 2704 332 2781 Quinetiam
345 2708 381 2774 in
392 2707 498 2775 medio
511 2708 591 2772 mari
604 2707 788 2793 plerumque
802 2718 898 2770 aestus
912 2703 1016 2770 adhuc
1027 2704 1129 2768 minor
1140 2703 1332 2782 observatur,
1346 2703 1440 2789 quim

147 2813 218 2879 boec
239 2815 347 2903 regula
368 2816 500 2902 requirit
506 2839 517 2891 ;
539 2815 573 2880 id
593 2828 698 2880 autem
720 2813 902 2880 ostendetur
924 2837 943 2878 a
964 2835 1032 2908 uon
1053 2813 1126 2878 satis
1141 2811 1244 2897 ampli
1260 2813 1368 2876 oceani
1383 2827 1438 2876 ex-

146 2927 288 2990 tensione
310 2924 483 2992 secundum
506 2925 735 3016 longitudinem
757 2926 925 3010 proficisci,
957 2921 1221 3012 quemadmodum
1243 2924 1283 2988 -in
1310 2924 1440 2995 Oceano

146 3033 309 3100 Atlantico
331 3036 387 3121 qui
408 3033 516 3100 versds
539 3036 734 3101 occidentem
757 3036 914 3102 littoribus
940 3036 1116 3113 Americae3
1151 3033 1259 3102 versus
1285 3036 1437 3104 orientem

146 3139 223 3205 verb
244 3141 401 3206 littoribus
427 3141 544 3206 Africae
569 3154 602 3208 et
628 3142 766 3228 Europae
789 3143 981 3220 terminatur,
1009 3163 1081 3230 quae
1105 3141 1279 3229 amplitudo
1304 3153 1440 3226 nonest

148 3248 222 3314 satis
242 3271 367 3337 magua,
388 3261 425 3316 ut
442 3251 598 3336 integram
619 3247 713 3314 oestbs
732 3250 937 3335 quantitatem
957 3249 1115 3334 suscipere
1135 3262 1237 3334 queat.

192 3365 217 3442 l.
240 3367 312 3426 103.
344 3335 503 3436 Quartum
528 3359 760 3445 pbaenomenon
785 3361 948 3426 varietates
974 3373 1149 3426 menstruas
1177 3361 1314 3446 respicit,
1345 3371 1438 3446 atque

146 3465 284 3531 ostendit
296 3479 403 3544 astus,
419 3465 474 3552 qui
489 3466 573 3532 circa
586 3466 760 3551 pleniluuia
773 3479 805 3532 et
818 3466 978 3532 novilunia
992 3469 1188 3556 contingunt,
1208 3467 1289 3532 inter
1303 3467 1439 3553 reliquos

146 3573 287 3660 ejusdem
307 3574 423 3638 mensis
445 3595 513 3639 esse
531 3573 695 3654 maximos,
717 3586 812 3654 aestus
828 3573 902 3639 verb
917 3575 999 3640 circa
1014 3575 1218 3663 quadraturas
1240 3575 1438 3640 luminarium

146 3681 312 3758 minimos3
341 3703 413 3768 quaa
441 3683 637 3768 inaequalitas
662 3705 735 3748 cum
770 3683 891 3749 theoria
921 3684 1027 3749 nostri
1053 3685 1094 3750 ad
1119 3685 1267 3752 amussim
1296 3685 1436 3772 quadrat.

148 3788 231 3856 Cdrn
246 3791 329 3855 enim
343 3801 437 3856 esan
450 3792 546 3856 maris
560 3813 626 3855 non
639 3792 741 3855 solum
755 3792 796 3856 ab
811 3791 848 3858 eri
863 3791 904 3870 vi,
927 3815 999 3879 quae
1013 3791 1124 3856 vortici
1147 3793 1273 3858 Lunam
1287 3792 1438 3856 ambienti

147 3899 306 3981 competit,
321 3899 451 3977 oriatur,
473 3898 529 3965 sed
551 3899 644 3963 etiam
666 3922 686 3963 a
706 3899 737 3962 vi
760 3899 867 3964 Solem
887 3911 1047 3986 spectante
1068 3898 1214 3986 pendeat,
1237 3919 1309 3986 quae
1328 3901 1437 3965 ceteris

145 4009 275 4095 paribus
299 4009 422 4075 circiter
447 4009 624 4097 quadruplo
647 4011 751 4074 minor
775 4024 826 4076 est
847 4011 878 4076 vi
903 4012 1016 4090 Lunae,
1040 4011 1238 4075 manifestum
1258 4021 1307 4075 est
1327 4023 1437 4074 aestunr
1545 4035 1547 4041 ¹

145 4117 240 4182 maris
263 4115 436 4180 maximum
455 4141 524 4182 esse
548 4117 674 4196 debere,
700 4119 727 4182 si
749 4117 850 4184 ambae
871 4119 952 4184 vires
974 4121 1055 4184 inter
1076 4142 1110 4184 se
1132 4119 1321 4204 conspirent,
1344 4130 1438 4204 atque

145 4250 260 4315 aquam
274 4227 369 4292 simul
382 4228 432 4294 vel
447 4228 569 4294 elevent
582 4227 632 4293 vel
653 4229 840 4314 deprimant,
862 4229 896 4293 id
910 4227 995 4315 quod
1011 4227 1152 4307 accidere
1166 4227 1359 4292 ostendimus
1374 4240 1437 4292 tam

145 4335 325 4421 pleniluniis
348 4332 444 4421 quim
466 4335 646 4400 noviluniis.
690 4335 817 4400 Deinde
841 4335 934 4400 simili
957 4334 1063 4414 modo,
1090 4334 1237 4422 quoniam
1263 4333 1331 4398 istae
1356 4335 1436 4398 vires

144 4445 227 4509 inter
248 4468 282 4510 se
302 4443 440 4510 maxime
455 4445 636 4530 discrepant
656 4447 689 4509 in
704 4447 912 4532 quadraturis,
930 4447 1042 4532 quibus
1057 4445 1250 4532 temporibus
1265 4445 1341 4510 dum
1356 4467 1438 4531 aqua

146 4572 167 4614 a
187 4551 281 4616 Lunai
302 4550 439 4616 maxime
461 4551 609 4628 elevatur,
633 4550 726 4616 simul
747 4576 767 4616 a
789 4553 864 4618 Sole
884 4552 1021 4618 maxime
1036 4553 1221 4638 deprimitur
1237 4574 1274 4618 ac
1288 4551 1434 4630 vicissim,

147 4659 404 4747 perspicuvunest
417 4659 529 4738 iisdem
540 4658 732 4746 temporibus
743 4674 854 4726 aestmn
866 4661 1030 4726 murinum
1043 4685 1110 4727 esse
1122 4661 1246 4726 debere.
1280 4660 1440 4728 Praeterea
1546 4717 1549 4726 .

767 4771 816 4818 za
1345 4789 1351 4794 ·
