3284 5517
173 388 286 455 Lirin
301 385 483 465 Trinius]
509 380 754 490 ramelmi
776 379 1151 449 MATHtMfflcii.
1406 390 1467 455 tat

168 560 345 625 inimic
365 556 459 645 quim
480 557 522 623 ab
535 554 635 623 oculis
648 556 766 621 naun
785 556 966 621 mianum
987 556 1088 621 udan
1109 556 1210 623 desita
1237 556 1354 623 -Unde
1373 560 1468 625 etan

171 669 282 736 caudis
302 678 495 737 cometarum
514 666 659 744 aliorum,
683 687 757 752 quae
768 667 882 731 breves
895 678 981 744 sunt,
1003 688 1069 729 non
1085 666 1258 734 ascaidmit
1270 681 1360 734 motu
1375 670 1469 735 celeri

170 790 206 845 et
225 778 380 864 perpetub
400 800 421 843 a
441 778 597 863 capitibus
617 788 650 840 et
669 798 747 841 mcx
762 786 964 854 amacina,
981 776 1038 841 sed
1052 786 1126 841 sunt
1139 790 1358 862 permanentes
1371 802 1469 865 vapo-

171 908 244 951 iiun
263 898 297 951 ct
317 884 551 951 exbalstionuni
572 884 738 962 columnia,
760 907 781 948 a
801 883 955 969 capitibus
974 882 1148 947 lentissimo
1161 882 1332 949 maltorum
1346 884 1470 951 dierum

171 1005 262 1059 nictu
274 1004 467 1080 propagata,
490 1010 572 1077 quie,
591 989 813 1074 participando
827 1000 949 1055 motum
962 988 1052 1054 illum
1065 990 1206 1075 capitum
1220 1012 1316 1077 quem
1329 990 1469 1057 habuere

172 1103 232 1167 sub
246 1103 346 1179 initio,
360 1122 420 1186 per
431 1099 530 1165 cceloe
543 1097 607 1167 unii
621 1121 693 1165 cum
707 1100 862 1185 capitibus
872 1100 992 1165 moseri
1005 1112 1154 1187 pergunt.-
1198 1100 1236 1186 (⁸)
1253 1101 1297 1165 Et
1309 1100 1384 1164 binc
1398 1120 1469 1169 rnr-
1546 1168 1549 1173 ,

172 1233 227 1277 sus
247 1212 407 1299 colligitur
427 1210 534 1295 spatia
548 1209 687 1274 meseia
705 1210 738 1271 ii
757 1209 923 1275 resistendi
938 1210 1083 1286 destituit
1104 1222 1215 1295 utpote
1228 1210 1389 1298 inquibus
1403 1230 1470 1277 noir
1596 1270 1599 1275 .

172 1320 275 1385 solum
296 1318 397 1383 solida
418 1316 615 1401 planetarum
628 1326 661 1380 et
674 1327 868 1382 cometamm
886 1337 1040 1401 corpora*
1054 1316 1110 1381 sed
1123 1318 1221 1381 etiam
1231 1318 1381 1383 rarissimi
1395 1340 1468 1382 can-

171 1428 284 1497 darinn
304 1444 437 1509 vapores
456 1433 563 1489 motus
575 1436 652 1487 sitos
663 1422 875 1493 idoaamos
888 1422 1054 1489 liberrimi
1072 1436 1229 1513 peragunt
1242 1446 1280 1491 sc
1294 1424 1468 1493 diutissimi
1607 1424 1615 1435 '

172 1544 369 1615 conterimi-
1528 1603 1531 1610 ,

216 1618 394 1710 Arcadem
406 1638 579 1707 anditum
592 1660 635 1705 cx
647 1638 866 1725 nmospbns
880 1640 1018 1725 cipitiini
1032 1651 1065 1705 et
1084 1660 1286 1729 progressum
1307 1643 1341 1707 in
1361 1632 1480 1727 partes

172 1772 195 1815 a
209 1750 284 1816 Sole
296 1770 423 1815 averem
437 1749 595 1836 Keplerns
615 1748 743 1825 ascribit
756 1750 879 1815 actioni
898 1734 1061 1814 radionmi
1080 1750 1160 1815 lucis
1174 1753 1339 1818 materiam
1357 1752 1473 1845 eandm·

170 1880 283 1931 secum
307 1858 507 1943 rapientium.
550 1858 596 1925 Et
613 1868 729 1923 ‘auram
753 1858 851 1947 longi
875 1860 1091 1931 tenuissimis
1116 1860 1150 1925 in
1173 1862 1280 1947 spatiis
1302 1862 1468 1927 liberrimis

173 1967 292 2036 actioni
311 1966 474 2031 radiorum
494 1966 618 2045 cedere,
640 1965 680 2052 (¹)
694 1988 759 2033 iicn
781 1980 830 2033 est
850 1990 871 2032 a
890 1967 1012 2033 wdone
1025 1986 1155 2052 prorsus
1168 1970 1317 2049 ebenum,
1332 1990 1397 2033 nnn
1411 1970 1469 2035 ob-
1535 1956 1542 1969 ’

171 2068 1469 2161 sunaqsodsubstmtecaaoeimpediiissini'sinregiorihanoeuiimdii

175 2184 262 2251 Solis
280 2184 470 2250 sensibiliter
493 2183 629 2269 propelli
648 2194 817 2271 ⁴nequeunt·
844 2182 957 2249 ⁴illins
982 2185 1153 2269 particiilas
1176 2196 1242 2249 tim
1266 2183 1349 2249 letes
1374 2182 1471 2270 quim

173 2314 287 2381 &aaa
308 2292 378 2359 dari
396 2313 492 2378 posse
504 2292 671 2371 existimat,
693 2292 901 2360 amarciem
914 2292 1086 2366 mudsnuni
1100 2293 1238 2371 lenitura,
1261 2314 1380 2380 perque
1393 2292 1471 2357 levi-

175 2416 273 2469 tatem
286 2424 377 2469 auam
390 2426 411 2467 a
426 2402 501 2469 Sole
514 2402 693 2468 ascendere.
729 2401 813 2467 cnm
824 2415 928 2467 autem
942 2404 1078 2493 gravitas
1093 2406 1262 2489 corporum
1276 2404 1470 2471 terrestrium

175 2512 218 2579 sit
231 2522 269 2578 st
280 2510 414 2575 materia
426 2510 459 2573 in
474 2509 669 2595 corporibus,
682 2508 818 2596 idetqne
831 2508 1138 2597 servetiqiiantitate
1151 2513 1292 2591 materiae
1304 2512 1425 2579 intendi
1437 2524 1471 2578 et

175 2628 292 2692 remitti
312 2633 459 2713 nequeat,
475 2622 617 2709 sirspicor
635 2641 799 2686 uicenam
819 2622 909 2686 illurn
923 2642 964 2686 ex
977 2622 1182 2689 rarefactione
1200 2624 1340 2689 materiae
1355 2624 1470 2689 cauda·

175 2756 247 2797 rum
267 2730 374 2819 pctiiis
394 2730 480 2797 oriri.
526 2727 680 2796 Ascendit
698 2728 803 2793 fumus
824 2729 1004 2794 incaminc
1016 2730 1155 2815 impulsu
1170 2731 1251 2796 a'e'ris
1266 2732 1317 2796 cui
1337 2732 1469 2796 innatat.

176 2846 245 2908 Ai‘r
265 2844 319 2907 ille
340 2864 399 2927 per
415 2842 558 2907 calorem
570 2838 741 2905 nitefactus
754 2838 905 2917 ascendit,
926 2840 969 2905 cb
983 2840 1168 2905 diminutam
1183 2864 1271 2906 suain
1286 2842 1471 2928 gravitatem

177 2950 367 3034 specificam,
382 2960 416 3013 et
428 2946 552 3011 fumum
565 2945 761 3031 implicatum
774 2946 858 3031 rapit
872 2968 988 3013 secum.
1033 2946 1156 3025 Quidni
1170 2948 1270 3015 cauda
1284 2961 1415 3014 cometae
1430 2948 1472 3013 ad

175 3055 314 3121 eundem
326 3052 459 3119 modum
472 3052 649 3121 scanderit
658 3075 682 3139 ‘a
698 3050 799 3134 Sclei
822 3052 907 3119 Nini
920 3054 1001 3119 radii
1014 3054 1131 3121 soleres
1145 3077 1210 3119 non
1224 3056 1343 3143 agitant
1355 3055 1470 3133 media,

176 3184 249 3250 quie
262 3172 437 3248 permeant,
452 3159 514 3226 nisi
527 3160 562 3223 in
575 3158 746 3225 reflexione
760 3158 1000 3250 etrcfiactione.
1046 3161 1213 3227 Particulae
1227 3162 1420 3229 reflectentes
1434 3161 1471 3227 et

177 3274 303 3337 actione
316 3274 476 3339 calefactae
489 3276 670 3343 calefacient
683 3297 792 3343 auram
801 3274 970 3341 aetbereem
985 3274 1036 3341 cui
1049 3274 1257 3360 implicantur.
1294 3270 1354 3337 Illa
1368 3270 1473 3335 calore

175 3386 240 3451 sibi
261 3387 493 3451 communicato
513 3388 649 3468 rarefiet,
671 3402 704 3455 et
723 3390 766 3455 ob
786 3386 972 3454 diminutam
994 3384 1031 3451 ei
1045 3386 1171 3470 rariute
1184 3382 1369 3473 gradiatem
1383 3384 1472 3445 suain

178 3492 370 3578 specificam,
393 3494 455 3581 qni
476 3496 566 3580 priili
579 3498 731 3565 tendebat
741 3500 775 3564 in
792 3498 909 3576 Solem,
929 3496 1076 3574 ascendet
1089 3506 1121 3559 et
1134 3514 1240 3559 secum
1253 3494 1356 3579 rapiet
1374 3492 1473 3577 parti·

177 3608 264 3673 cules
288 3610 483 3681 reflectentes
508 3634 549 3677 ex
574 3610 687 3699 quibus
708 3614 809 3681 cauda
830 3610 1046 3696 componitur:
1074 3608 1115 3672 nd
1136 3626 1300 3671 ascensum
1319 3598 1473 3688 vaporum

178 3715 327 3805 conducit
346 3718 450 3797 etism,
473 3719 560 3805 quod
580 3719 615 3784 bi
635 3733 788 3808 gyrantur
808 3720 893 3784 circa
915 3718 1021 3785 Solem
1043 3729 1076 3783 et
1095 3714 1130 3780 et
1150 3716 1272 3781 actione
1287 3724 1474 3787 conantura

182 3823 256 3888 Sole
270 3823 427 3904 recedere,
443 3835 476 3889 st
491 3826 573 3891 Solis
587 3826 797 3913 atmospbaera
810 3838 843 3892 et
857 3826 986 3890 materia
1000 3824 1152 3901 coelorum
1161 3822 1212 3887 vel
1226 3818 1320 3907 plani
1332 3818 1471 3909 quiescit,

24 3961 25 3964 ¹
96 3973 99 3979 -
179 3930 230 3994 iel
243 3944 333 3995 nictu
347 3932 415 3995 solo
429 3954 523 4018 quein
538 3956 558 3997 a
573 3934 656 3999 Solia
669 3935 824 3999 rotatione
839 3932 1004 4017 acceperit,
1020 3928 1139 3996 tardiiis
1153 3943 1291 4018 gyratur.
1323 3929 1390 3993 Hae
1401 3942 1475 3993 sunt

180 4056 284 4101 causae
305 4037 453 4103 ascensis
475 4040 647 4106 caudarum
668 4042 702 4106 in
723 4041 836 4106 sicinii
860 4040 952 4119 Solia,
976 4038 1031 4105 ubi
1052 4040 1144 4105 orbes
1166 4036 1323 4102 curvicres
1337 4050 1419 4115 sunt,
1443 4050 1476 4101 et

181 4156 313 4229 cometis
326 4146 410 4209 intra
423 4146 601 4212 densiorem
616 4159 648 4213 et
662 4148 698 4212 ei
720 4148 841 4213 ratione
855 4148 1032 4235 graviorem
1048 4146 1130 4212 solis
1145 4144 1385 4231 atmosphaercm
1400 4152 1475 4210 con-

181 4251 306 4329 sistunt,
329 4264 362 4317 et
381 4252 505 4342 modas
519 4252 614 4340 quim
634 4255 831 4343 longissimas
853 4276 929 4319 mox
950 4254 1105 4319 emittunt
1133 4252 1240 4349 'Nam
1262 4252 1381 4330 cauda,
1405 4274 1477 4337 quie

181 4373 258 4426 tunc
271 4375 452 4441 nascuntur,
475 4365 691 4429 conservando
704 4380 827 4430 motum
842 4388 934 4432 suuni
949 4378 980 4429 ct
996 4364 1114 4431 interea
1129 4385 1238 4427 versus
1254 4362 1359 4429 Solem
1374 4361 1477 4450 gravi·

182 4468 289 4546 tando,
314 4468 523 4533 movebuntur
544 4472 627 4536 circa
649 4471 757 4539 Solem
778 4473 812 4536 in
835 4472 996 4558 ellipsibus
1017 4494 1077 4557 prc
1092 4492 1180 4535 more
1198 4470 1344 4555 capitum,
1369 4483 1401 4534 et
1420 4491 1479 4555 per

215 4642 252 4707 (‘)
265 4643 279 4673 ·
292 4644 327 4691 Et
336 4644 391 4691 liiiie
400 4641 485 4691 mida
494 4644 618 4711 colligitur
664 4642 788 4707 lagenas
797 4658 851 4707 quie
862 4644 925 4693 dieti
934 4652 991 4693 snnt
1000 4644 1026 4693 in
1036 4642 1125 4693 scholio
1140 4643 1211 4707 Prcp.
1226 4642 1273 4693 x1.
1289 4643 1342 4691 Lib.
1358 4642 1393 4691 11.

214 4706 823 4774 (¹)·Noiciicrait0aeprcmcctieaea(165t
