3284 5517
28 284 34 296 ’
138 309 142 326 '
202 334 507 419 Lustrum]
540 336 783 403 Pnrncmrn
806 335 1180 405 Mnrnnnnmon.
1433 340 1491 399 nr

201 502 296 569 datur
317 529 337 571 a
360 507 527 592 superficie
547 504 659 573 Terrae
680 506 722 573 nd
743 506 940 573 altitudinem
961 506 1197 575 semi-diametri
1217 505 1310 571 unius
1328 505 1493 582 terrestris,

198 614 299 679 rarior
314 616 356 681 sit
368 615 462 703 quim
476 617 563 703 apud
576 640 636 682 uos
649 618 683 681 in
697 616 819 682 ratione
833 615 927 705 longe
940 615 1061 701 msjori,
1077 636 1172 700 quani
1187 614 1279 699 spatii
1291 614 1393 679 omnis
1414 611 1496 677 infra

198 723 310 788 orbern
334 725 462 791 Sntmui
481 725 524 790 ad
544 726 676 813 globum
696 725 850 790 diameno
871 722 961 811 digiti
981 722 1074 787 nnius
1095 720 1298 805 descriptum.
1352 719 1495 805 Idebque

199 833 314 920 globus
328 834 408 899 aeris
419 836 519 900 nostri
527 836 662 923 digitum
669 858 769 901 nnnm
783 836 874 914 istus,
890 832 927 899 erl
939 855 1010 899 cnm
1020 832 1147 899 raritate
1160 854 1255 929 quam
1265 830 1395 897 baberet
1404 831 1438 895 in
1448 829 1494 893 al·

196 940 331 1005 titudine
341 942 576 1007 semi-diametri
585 944 680 1007 unius
690 943 855 1021 terrestris,
867 941 1013 1027 impleret
1020 962 1129 1007 omncs
1141 940 1338 1025 planetarum
1348 939 1492 1027 regiones

198 1072 298 1137 usqne
313 1050 355 1115 ad
369 1050 527 1136 sphaeram
544 1053 671 1117 Saturni
684 1066 716 1117 et
728 1051 823 1141 louge
838 1051 929 1117 ultri-
975 1050 1113 1117 Prcinde
1127 1049 1200 1117 edm
1214 1054 1268 1115 alin
1282 1048 1386 1115 adbuc
1400 1048 1492 1113 altior

197 1156 232 1219 in
252 1157 442 1222 immensrnn
462 1172 611 1239 rarescat,
633 1171 666 1224 et
680 1180 772 1224 coma
784 1182 841 1224 seu
855 1158 1065 1245 atmosphaera
1078 1169 1219 1236 comete,
1238 1154 1437 1221 ascendendo
1450 1154 1491 1219 ab

198 1265 281 1329 illius
296 1279 415 1344 centro,
431 1267 521 1353 qnasi
535 1267 670 1353 decuplo
685 1268 778 1333 ultior
790 1256 832 1334 sit
842 1266 1254 1358 quiimsuperficiesnnelei,
1266 1266 1380 1331 deinde
1392 1265 1491 1331 cauda

202 1371 308 1435 adhuc
329 1373 423 1437 altius
444 1375 603 1454 ascendat,
626 1375 753 1441 debebit
774 1377 959 1459 canduetre
973 1375 1067 1463 quim
1080 1376 1247 1449 rarissima.
1291 1374 1335 1440 Et
1349 1374 1490 1461 quumvis

198 1480 241 1543 ob
268 1478 362 1567 longe
383 1482 572 1559 'crassiorem
594 1494 787 1548 cometarum
808 1482 1059 1567 anucsphaeram‚
1088 1501 1297 1569 magumque
1320 1502 1489 1565 corporum

197 1586 436 1675 gurimdcnem
452 1588 559 1655 Solem
571 1612 690 1671 versus,
711 1604 743 1657 et
760 1592 998 1680 grovimdonem
1019 1590 1243 1675 particularum
1256 1588 1335 1653 airis
1350 1599 1382 1653 et
1395 1608 1490 1671 rapo-

197 1720 270 1762 rum
282 1697 317 1761 in
331 1720 365 1764 se
378 1696 501 1779 ιιιιιῐιιὸ,Ι
515 1700 585 1766 fieri
598 1704 699 1787 possit
710 1715 747 1768 ut
761 1706 815 1767 niir
828 1702 862 1767 in
876 1702 983 1788 spatiis
997 1701 1174 1773 ooelestibus
1188 1700 1284 1786 inque
1296 1712 1490 1767 cometarum

199 1804 309 1869 caudis
337 1826 404 1870 nou
432 1805 513 1871 sded
548 1820 704 1885 rarescat3
740 1809 946 1897 perexiguum
982 1821 1088 1873 tamen
1117 1808 1322 1893 quantitatem
1350 1808 1430 1873 a'e'ris
1459 1821 1491 1871 et

197 1934 353 1998 vaporum
373 1916 415 1980 ad
436 1917 543 1981 omnia
562 1918 618 1982 illa
636 1917 808 1983 mndamru
828 1916 1036 2004 phoenomena
1057 1914 1181 1981 abunde
1195 1914 1346 1991 sufficere,
1368 1936 1410 1979 ex
1430 1912 1491 1977 hac

196 2025 430 2108 computatione
444 2026 644 2112 perspimum
664 2038 722 2091 est.
766 2027 851 2091 Nam
865 2038 898 2091 et
911 2025 1081 2091 cnudmnm
1094 2008 1225 2111 insignis
1245 2023 1355 2087 raritas
1370 2020 1490 2109 colligi·

196 2146 251 2197 tur
272 2156 313 2198 ex
335 2136 426 2200 astris
446 2157 507 2222 per
526 2158 579 2202 ess
600 2137 870 2203 translucentibus.
915 2134 1136 2221 Atmcspbaers
1149 2134 1303 2201 terrestris
1321 2133 1392 2199 luce
1408 2132 1489 2199 Solis

197 2240 376 2325 splendens,
392 2244 598 2310 crassitudine
612 2244 669 2309 sut
682 2266 855 2329 paucorum
868 2243 1057 2321 milliarium,
1073 2255 1107 2307 et
1119 2255 1202 2310 astra
1216 2240 1322 2307 omnis
1336 2250 1370 2309 et
1389 2240 1490 2325 ipsum

197 2348 323 2413 Lunum
348 2350 496 2416 obscurat
520 2365 552 2417 et
574 2354 729 2441 extinguit
752 2354 895 2438 penitus:
928 2374 987 2439 per
1010 2352 1194 2445 immensam
1219 2350 1294 2417 verb
1319 2350 1490 2415 caudarum
1569 2378 1573 2383 ·

196 2458 448 2537 crassitudinem,
471 2458 542 2523 luce
560 2460 680 2545 pariter
700 2459 794 2524 solari
807 2456 1002 2539 illustratam,
1024 2472 1108 2525 asna
1121 2458 1251 2527 minima
1263 2458 1330 2537 siue
1343 2457 1490 2521 claritatis

195 2566 384 2633 detrimento
406 2568 599 2633 translucere
622 2583 806 2633 noscuntur.
865 2570 978 2655 Neque
1002 2571 1103 2653 major
1125 2590 1193 2631 esse
1217 2565 1296 2630 solet
1318 2564 1489 2629 caudarum

193 2673 403 2759 plurimarum
425 2674 584 2759 splendor,
608 2673 702 2763 quim
717 2676 798 2741 alitis
811 2652 912 2741 nostri
932 2676 966 2739 iu
981 2660 1147 2739 tenebroso
1161 2672 1305 2739 cubiculo
1324 2671 1488 2738 latitudine

194 2782 284 2871 digiti
299 2784 393 2873 unius
406 2784 581 2851 duorumve
595 2785 698 2850 lucem
714 2785 797 2851 Solis
810 2786 844 2850 in
853 2786 968 2873 jubare
982 2772 1181 2851 reflectentis.'

240 2891 316 2967 Quo
340 2890 491 2977 temporis
517 2870 625 2978 spatio
641 2912 740 2976 vapor
764 2914 785 2956 a
808 2892 909 2977 capite
933 2892 975 2956 nd
1002 2891 1170 2955 terminum
1199 2890 1308 2955 ccudae
1337 2888 1485 2968 escendit,

193 3002 235 3083 (⁶)
254 3000 404 3089 cognosci
424 2998 491 3066 fere
511 3014 616 3086 potest
636 3000 781 3067 ducendo
800 3014 918 3067 rectam
939 3023 960 3065 a
979 3000 1112 3067 termino
1134 3000 1242 3065 caudae
1257 3000 1299 3063 nd
1315 3000 1431 3076 Sclern,
1453 3009 1487 3062 et

191 3172 263 3237 quari
273 3174 358 3249 glcbus
367 3173 427 3222 s‘e‘ris
437 3174 509 3221 nostri
523 3172 625 3251 digitum
635 3188 711 3251 nuum
722 3172 822 3249 lstrtsel
853 3173 1025 3249 propremirunr
1037 3186 1107 3235 quem
1124 3172 1179 3221 aute
1194 3186 1315 3249 arceantur
1326 3186 1396 3220 suurn
1412 3172 1483 3219 habe·

191 3237 821 3363 tttnttsttffittffltlm:
853 3232 1483 3363 militmtlnfflffillmssiiilsst'ili

191 3374 268 3411 tarum
285 3367 390 3427 regiones
402 3380 474 3428 usqne
489 3364 520 3415 ad
530 3368 644 3427 mirarum
658 3366 788 3414 Sanrnist

191 3427 262 3493 lcugd
273 3428 341 3477 uitri.

235 3556 323 3617 ’μω
341 3558 630 3625 ‘ecgmsctfertpccen
663 3558 791 3608 Mans

192 3620 225 3667 Sc
233 3636 280 3679 ern,
296 3622 318 3670 Α
332 3624 502 3687 Btrajectcrirn
515 3624 634 3671 cometicn
648 3623 787 3684 pauonem.

192 3683 229 3731 Sit
242 3684 266 3732 N
277 3696 374 3733 cometa
384 3687 483 3735 nucleus
493 3690 523 3735 ab
537 3688 559 3734 Α
571 3702 650 3734 rerum
662 3688 789 3751 Bptogrc·

190 3747 265 3806 dietis,
284 3750 305 3798 C
321 3751 434 3798 cemimus
449 3751 537 3799 eandm
574 3751 683 3799 Dncntur
697 3760 790 3799 retus

189 3812 790 3876 scmtmmocmsnmpnmumtuttmn

189 3876 343 3942 nnjcetcrinrn
353 3888 422 3935 secat,
430 3878 560 3941 designabit
570 3879 649 3926 locum
657 3893 686 3926 u
693 3892 742 3941 quo
748 3893 789 3925 ra·

189 3956 232 4003 por
242 3940 267 3987 in
277 3942 378 3989 termino
388 3942 788 4005 mudnuendemcoepitanapite,

189 4004 292 4065 sivapcr
302 4006 343 4053 ille
352 4005 417 4053 recti
426 4006 534 4054 modat
544 4023 559 4054 a
571 4007 632 4055 Sole.
669 4006 735 4062 Quia
744 4020 788 4055 su·

189 4069 788 4132 temrnporncurectdnscenditssolesedvcrgit

189 4146 269 4181 versus
280 4145 355 4193 partes
374 4134 404 4191 A,
421 4142 579 4196 qusswmeta
594 4135 636 4181 rell
652 4136 688 4212 9³}
704 4134 788 4198 (164.)
887 4124 890 4135 “

189 4198 656 4327 muniminum
674 4197 785 4322 ὥς

188 4334 252 4372 recta
261 4326 302 4372 ills
312 4343 327 4373 a
337 4324 399 4373 tinet
409 4326 490 4373 candro
500 4325 612 4389 dirergat,
622 4335 693 4389 utque
702 4327 786 4388 trajec-

188 4389 271 4435 tcrlarn
287 4399 385 4437 comme
399 4390 483 4436 alicubi
499 4390 628 4447 intersecet,
644 4388 704 4449 pusi
712 4392 738 4435 in
751 4390 787 4446 1),

188 4453 819 4579 qqpqpoqrgkpqqncffinffldffitpltmp„
851 4516 930 4568 locum
953 4518 979 4569 D
1001 4521 1128 4584 occuparit,
1151 4530 1175 4569 et
1196 4529 1271 4583 potest
1290 4518 1380 4567 deliniri
1397 4528 1485 4583 quanto

188 4581 254 4627 scria
268 4596 318 4629 snas
334 4582 386 4629 loco
404 4582 430 4628 D
445 4584 591 4639 versabatur3
613 4581 652 4627 bie
670 4582 735 4629 snitu
748 4596 819 4641 vapor
851 4583 961 4643 temporis
979 4586 1054 4645 spatio
1072 4602 1132 4645 opus
1149 4588 1179 4631 sit
1200 4596 1225 4631 ut
1241 4594 1332 4633 cornctn
1347 4583 1483 4646 trajeetcrita

189 4657 245 4692 cum
268 4654 335 4695 motu
356 4644 465 4693 ascensis
485 4662 500 4694 n
522 4646 583 4707 Sole,
607 4656 699 4693 motum
719 4655 819 4693 msto
851 4648 980 4709 portionem
1001 4648 1024 4697 l)
1043 4650 1075 4709 N,
1093 4648 1239 4715 longitudine
1255 4650 1340 4705 dcam,
1358 4656 1483 4713 perennat,
