3284 5517
208 352 271 408 242
511 350 577 415 DE
600 350 759 418 CAUSA'
776 346 979 416 PHYSlCA
1002 348 1194 417 FLUXUS

207 532 240 583 et
269 540 432 591 ascensum
457 542 548 606 aquae
577 546 618 587 ex
650 522 782 611 utrique
811 524 843 585 vi
870 523 1039 589 oriundum
1061 524 1095 586 in
1115 522 1269 588 distantiis
1289 523 1494 587 luminarium

207 629 417 694 mediocribus
439 629 505 696 fore
526 634 644 717 pedum
667 642 708 699 50
731 656 802 697 cum
825 633 961 697 semisse.
1006 632 1134 697 Harum
1150 632 1264 701 virium
1283 632 1437 697 rationem
1452 653 1495 697 ex

207 738 474 803 observationibus
495 762 514 802 a
536 740 632 805 celeb.
650 740 773 805 Cossini
795 740 829 802 in
849 738 920 803 loco
941 738 1037 825 supni
1057 741 1152 804 citato
1165 740 1266 803 allatis
1280 738 1492 825 quaesivimus.

208 845 327 911 Verdm
349 846 422 927 cdrn
442 861 557 933 praeter
578 850 738 937 generales
761 872 870 914 causas
886 850 952 933 jam
972 861 1159 913 memoratas
1178 868 1311 934 quarum
1324 846 1438 933 aliqum
1452 846 1495 910 ad

207 954 361 1019 calculum
381 955 435 1017 vix
457 956 595 1021 revocari
616 970 757 1041 possunt,
780 956 851 1019 aliae
864 956 958 1019 varioe
973 978 1014 1019 ex
1027 956 1169 1019 locorum
1182 954 1254 1031 situ,
1273 952 1425 1017 vadorum
1445 953 1494 1017 in·

207 1062 289 1140 dole,
312 1073 476 1126 ventorum
496 1064 528 1125 vi
549 1076 581 1128 et
602 1063 696 1150 plagi
718 1063 900 1149 pendentes,
922 1072 1016 1125 aestus
1034 1062 1131 1126 maris
1142 1082 1227 1125 nunc
1242 1062 1385 1146 madores,
1407 1080 1494 1124 nunc

208 1171 345 1235 minores
366 1170 509 1248 reddant,
532 1183 658 1237 nonest
671 1171 786 1234 minim
808 1170 835 1233 si
855 1170 936 1233 vires
959 1170 1061 1233 Lunoe
1076 1190 1148 1255 quoe
1160 1168 1318 1253 prodeunt
1331 1190 1372 1232 ex
1386 1168 1493 1231 obser·

206 1276 383 1341 rationibus
398 1276 431 1340 in
445 1275 521 1340 locis
536 1274 675 1353 diversis,
691 1274 741 1340 vel
755 1276 788 1339 in
803 1275 914 1339 eodem
927 1273 999 1339 loco
1011 1274 1141 1339 diversis
1154 1274 1389 1359 tempestatrbus
1405 1275 1493 1339 insti-

207 1382 284 1450 tutis
306 1402 372 1445 non
394 1380 487 1465 plane
509 1381 712 1445 consentiant.
758 1381 923 1466 Computis
937 1380 1032 1468 igitur
1046 1402 1125 1466 quos
1140 1379 1181 1444 de
1194 1391 1283 1443 motu
1297 1379 1392 1443 maris
1406 1400 1447 1442 ex
1461 1379 1493 1445 vi

207 1492 312 1561 Lunae
333 1490 468 1554 oriundo
489 1488 678 1554 instituimus
699 1488 896 1554 recensendis
920 1488 1200 1571 impresentiarum
1224 1508 1290 1551 non
1313 1486 1494 1552 immorabi-

207 1622 290 1663 mur.
338 1598 508 1684 Postquam
530 1596 604 1661 verb
626 1598 857 1661 observationes
878 1596 991 1683 aliquae
1012 1598 1095 1661 circa
1108 1609 1203 1661 oestus
1218 1598 1312 1660 maris
1326 1597 1367 1660 ad
1387 1598 1494 1662 littora

207 1706 365 1771 Americae
380 1715 411 1768 et
426 1702 527 1768 Indiae
542 1702 711 1768 Orientalis
725 1724 802 1789 quas
817 1716 1027 1789 expectamus,
1043 1702 1084 1767 ad
1097 1726 1207 1767 manus
1222 1704 1429 1787 pervenerint,
1451 1704 1493 1769 de

206 1812 293 1878 hisce
316 1814 422 1877 forsan
446 1810 559 1877 certids
580 1810 765 1897 judicemus.
822 1808 1034 1874 Observamus
1058 1809 1179 1873 tantdm
1202 1823 1296 1874 aestus
1320 1811 1354 1873 in
1378 1812 1493 1874 minori
1524 1787 1529 1800 ’

207 1922 326 1985 ratione
341 1920 520 1985 decrescere
534 1916 633 1981 videri
651 1915 745 2003 quim
760 1914 915 2001 duplicati
928 1916 1013 1979 sinus
1028 1916 1245 2001 complementi
1259 1915 1491 1995 declinationis3

207 2026 284 2113 quin
305 2039 337 2091 et
358 2026 486 2112 reliquoe
508 2024 602 2089 aestlrs
624 2024 710 2110 leges
730 2022 891 2110 generales
911 2044 953 2086 err
973 2035 1060 2085 motu
1080 2045 1169 2109 aqum
1190 2023 1351 2107 reciproco
1368 2039 1492 2109 pertur-
1534 2014 1539 2023 ⁸

206 2137 330 2217 bantur.
381 2134 444 2200 Sed
458 2154 602 2197 veremur
616 2154 657 2196 ne
671 2131 798 2197 taedium
815 2132 926 2215 pariat,
950 2132 976 2194 si
998 2144 1172 2216 repetamus
1188 2154 1258 2218 quae
1271 2132 1312 2196 ab
1326 2132 1393 2197 aliis
1410 2136 1492 2218 jam.

207 2244 328 2311 dudum
342 2243 457 2309 tradita
471 2254 553 2307 sunt.
584 2240 694 2309 AEstus
709 2240 846 2305 anomali
859 2262 878 2303 a
892 2240 1032 2303 locorum
1043 2252 1075 2303 et
1084 2241 1217 2303 marium
1231 2241 1293 2304 situ
1307 2242 1492 2330 plerumque

209 2351 347 2437 pendere
360 2349 515 2414 videntur.
561 2346 802 2415 Observandum
816 2359 921 2413 tamen
935 2369 976 2412 ex
995 2346 1114 2413 theorit
1129 2348 1288 2435 gravitatis
1302 2351 1399 2436 sequi,
1422 2354 1492 2415 uni-

207 2480 278 2522 cum
299 2457 422 2522 tantdm
443 2468 554 2521 aestum
575 2456 675 2540 spatio
697 2464 738 2519 24
760 2455 909 2519 horarum
931 2456 1113 2543 contingere
1133 2476 1358 2545 nonnunquam
1377 2459 1493 2527 debere

206 2564 240 2629 in
261 2563 337 2629 locis
358 2564 440 2628 ultra
462 2570 503 2629 62
526 2562 659 2650 gradum
680 2560 861 2642 latitudinis,
883 2561 912 2627 si
931 2561 1134 2649 reciprocatio
1147 2562 1253 2627 motis
1266 2583 1358 2651 aquae
1372 2562 1406 2630 id
1419 2588 1492 2651 per-

209 2674 386 2739 mitteret*
1280 2678 1292 2703 ’

251 2779 388 2859 Qubdsi
409 2781 543 2866 analysis
557 2779 749 2847 diversarum
764 2804 928 2849 causarum
942 2804 1012 2869 quoe
1028 2782 1069 2848 ad
1084 2796 1178 2851 aestus
1191 2784 1398 2870 pboenomena
1416 2804 1492 2869 pro-

209 2888 354 2953 ducenda
375 2886 547 2964 conferunt,
571 2892 714 2953 accurate
735 2890 855 2953 institui
868 2901 984 2974 posset,
999 2890 1032 2953 id
1048 2890 1131 2955 certi
1146 2891 1187 2954 ad
1201 2891 1377 2955 uberiorem
1391 2890 1492 2954 scien-

207 2999 283 3063 tiam
307 2997 419 3062 virium
442 3010 473 3062 et
493 3012 636 3061 motuum
657 2999 830 3083 systematis
851 2999 961 3063 mundi
981 3020 1046 3063 non
1066 3020 1178 3084 parum
1193 2997 1358 3065 conferret
1403 2997 1492 3063 Hinc

208 3107 292 3170 enim
314 3106 390 3170 situs
412 3106 511 3171 centri
531 3106 690 3193 gravitatis
715 3106 814 3171 Lunae
837 3119 869 3171 et
890 3108 1011 3187 Terrae,
1035 3121 1067 3173 et
1087 3130 1157 3195 quae
1174 3108 1215 3172 ad
1234 3108 1492 3195 aequinoctiorum

207 3216 447 3301 praecessionem
470 3216 590 3301 aliaque
612 3216 819 3300 phaenomena
840 3230 961 3280 natusne
981 3218 1115 3305 insignia
1135 3230 1285 3303 spectant,
1309 3215 1422 3283 certids
1443 3216 1491 3280 in-

92 3380 98 3391 ,
206 3333 411 3385 notescerent.
457 3321 545 3397 Quas
566 3322 607 3384 ob
630 3344 737 3385 causas
759 3322 905 3386 ascensius
926 3345 1015 3409 aquae
1037 3325 1249 3410 quantitatem,
1271 3346 1432 3411 quousque
1451 3343 1492 3386 ex

208 3430 346 3493 motibus
371 3430 550 3493 coelestibus
575 3451 644 3494 eam
667 3432 790 3516 assequi
816 3430 897 3508 licet,
918 3431 1060 3497 accurati
1078 3432 1289 3497 definiendam
1309 3446 1341 3497 et
1361 3435 1491 3497 demon-

106 3560 112 3567 ·
207 3532 374 3611 strandum,
397 3536 505 3619 positis
527 3534 648 3621 legibus
669 3536 828 3623 gravitatis
851 3560 922 3624 quae
943 3560 984 3602 ex
1005 3540 1271 3605 observationibus
1293 3540 1491 3605 deducuntur

206 3639 261 3727 (de
277 3642 364 3727 cujus
378 3640 470 3706 causei
485 3639 618 3707 hicnon
633 3656 679 3704 est
694 3641 867 3706 disserendi
881 3643 981 3724 locus)
995 3646 1181 3729 putavimus.
1227 3647 1373 3734 Cogitata
1386 3659 1490 3711 autem

206 3748 278 3813 haec
301 3749 528 3835 qualiacunque
545 3751 665 3834 judicio
687 3750 903 3816 illustrissima
926 3755 1106 3821 Academiae
1136 3759 1256 3847 Regiae,
1287 3780 1381 3844 quam
1404 3758 1489 3822 omni

208 3855 328 3923 honore
342 3869 374 3920 et
388 3856 558 3921 reverentii
574 3878 696 3941 semper
709 3861 936 3945 prosequimur,
952 3860 1094 3926 lubenter
1108 3865 1325 3929 submittimus.

237 4030 251 4061 a
266 4028 300 4076 sa
315 4028 378 4076 enm
398 4028 475 4077 nune
494 4026 618 4076 eamean
638 4034 668 4076 es
687 4044 724 4093 gr.
741 4040 765 4078 a
784 4030 830 4078 1001
861 4032 948 4079 rerum
962 4012 998 4081 ee
1017 4034 1112 4083 numm
1127 4036 1199 4085 amer
1217 4037 1310 4086 aarum
1329 4046 1360 4088 ar
1377 4040 1486 4091 seem

203 4090 266 4143 ulca
281 4098 313 4143 62
331 4108 367 4157 gr.
385 4092 466 4143 aenda
480 4092 577 4143 undem
593 4092 696 4157 plegem,
714 4103 738 4143 et
755 4095 831 4143 maui-
862 4097 937 4158 opon'o
949 4096 1358 4169 lodbujuabociroatematdagere.
