3284 5517
446 385 637 454 FLUXUS
657 386 720 452 AC
742 377 1004 454 REF'LUXUS
1021 385 1183 452 ‘manle
1392 393 1451 450 281

215 562 240 638 §-
253 564 307 622 51.
331 556 366 621 Si
380 555 528 641 quiajam
541 575 584 620 ex
595 554 656 620 hic
668 551 774 622 aaut
788 553 997 618 elevationem
1011 555 1104 620 maris
1119 575 1212 638 supra
1228 567 1341 620 summ
1355 557 1455 620 maxi-

175 685 236 726 mae
248 663 455 747 depressionis
469 663 505 728 in
517 662 670 726 umoris
687 659 820 746 coguitis
839 658 971 724 definire
984 660 1124 738 voluerit,
1146 660 1257 724 isloco
1270 659 1455 726 fractionum

172 771 317 936 515³ss
338 829 447 874 aarum
465 809 588 874 tutta
608 811 644 872 tt
663 807 796 893 uuum
825 803 971 874 causus
986 830 1027 874 tx
1045 817 1068 892 t.
1083 818 1136 873 41.
1151 810 1326 888 substituat,
1349 805 1454 890 utute

170 977 465 1044 ratione'distantiae
486 978 589 1042 Luna
610 1001 630 1042 a
651 975 884 1062 Terrhpmut
904 977 1020 1044 ibidem
1048 991 1098 1044 est
1124 979 1310 1064 expositum.
1348 981 1453 1045 ·Con-

170 1095 343 1169 sequuntur
363 1095 468 1150 autem
490 1107 531 1148 ex
554 1084 614 1147 hac
642 1082 747 1148 tabrrlrl
775 1083 876 1151 multa
904 1085 1030 1172 egregia
1058 1085 1257 1162 consectaria,
1279 1107 1350 1172 quae
1378 1085 1452 1150 verb

168 1197 311 1260 nondum
332 1217 548 1260 summorum
569 1197 673 1282 rigore
687 1195 729 1258 ad
742 1189 967 1278 experientiam
980 1196 1152 1260 exammari
1173 1208 1313 1280 possunt,
1335 1195 1453 1260 etiamsi

47 1381 50 1386 .
165 1305 231 1389 jam
257 1303 386 1390 insignis
407 1303 624 1368 convenientia
644 1300 907 1387 deprehendatur.
967 1303 1093 1388 Aquam
1118 1301 1201 1380 araim
1223 1299 1327 1366 adhue
1351 1302 1452 1366 omnis

169 1409 290 1472 merua
301 1422 462 1495 expertem
475 1410 622 1493 ponimus
630 1431 640 1484 ;
654 1409 856 1492 perspicuum
871 1418 1046 1500 autemest,
1069 1408 1095 1472 si
1108 1427 1198 1492 aquae
1212 1408 1323 1472 inertia
1337 1411 1453 1474 tribue·

168 1532 231 1596 tur,
247 1533 315 1584 tum
330 1518 455 1584 diversa
468 1520 597 1584 omnino
617 1520 825 1610 phaenomena
839 1521 916 1584 oriri
937 1531 1091 1604 oportere.
1137 1519 1234 1596 Quod
1256 1519 1282 1584 si
1303 1523 1398 1609 igitur
1418 1523 1452 1586 hi

169 1629 319 1716 assignati
339 1629 466 1694 effectus
484 1631 551 1714 jam
571 1649 644 1694 cum
664 1627 935 1694 observationibus
955 1625 1049 1712 plane
1065 1627 1285 1707 consentirent,
1300 1629 1333 1693 id
1348 1628 1451 1716 potitis

169 1734 323 1800 theoriam
338 1748 491 1802 everteret
504 1735 598 1821 quam
612 1735 824 1822 confirmaret,-
845 1733 918 1800 eum
933 1757 1046 1821 aquarn
1059 1747 1148 1799 extra
1162 1746 1276 1810 murm
1290 1757 1382 1802 suum
1395 1760 1451 1802 na·

169 1844 301 1907 trrralem
323 1845 420 1908 umus
442 1844 653 1929 contemplati.
698 1844 833 1910 Interim
851 1855 956 1908 tamen
978 1844 1051 1907 sads
1071 1843 1140 1908 tuth
1156 1846 1222 1929 jam
1242 1857 1338 1910 status
1357 1848 1451 1911 maris

169 1951 229 2015 sub
250 1951 325 2036 ipsis
346 1950 428 2036 polis
449 1953 565 2036 poterit
585 1952 718 2029 definiri,
741 1953 796 2037 qui
818 1952 875 2016 etsi
896 1953 937 2016 ad
960 1954 1180 2037 experientiam
1196 1956 1366 2018 examinari
1387 1978 1452 2019 nou

167 2073 282 2144 potest,
304 2073 409 2124 nmen
429 2059 496 2146 ipsa
517 2063 637 2124 ratione
657 2059 904 2130 confirmabitur.
949 2062 999 2126 Ac
1019 2059 1122 2146 primo
1144 2061 1269 2148 quidem
1291 2056 1358 2125 sub'
1370 2064 1450 2147 polis

168 2166 255 2230 nullu
276 2166 336 2230 erit
356 2166 451 2229 maris
473 2167 607 2242 mutatio
625 2165 747 2242 diurna,
773 2164 847 2232 crim
867 2167 960 2231 Luna
976 2189 1033 2250 per
1047 2177 1147 2232 totum
1162 2167 1245 2230 diem
1260 2169 1389 2234 eundem
1405 2183 1451 2235 te-

110 2325 113 2329 ,
168 2285 242 2337 neat
255 2274 296 2336 ab
317 2274 480 2337 horizonte
502 2273 689 2351 distantiam,
712 2274 746 2339 id
767 2275 853 2360 quod
874 2275 942 2358 ipsa
957 2297 1079 2362 quoque
1094 2278 1172 2340 ratio
1187 2277 1291 2354 dictat,
1316 2279 1387 2364 quia
1408 2279 1452 2342 ibi

168 2402 234 2443 non
255 2379 348 2443 datur
368 2379 567 2457 meridianus,
590 2403 610 2443 a
630 2381 718 2465 cujus
739 2379 873 2464 appulsu
892 2391 985 2444 aestus
999 2383 1094 2444 maris
1108 2381 1181 2446 alibi
1202 2383 1347 2446 aestimtri
1363 2385 1450 2449 solet.

171 2487 310 2552 Dabitur
330 2499 437 2552 tamen
456 2486 505 2549 his
526 2487 603 2550 locis
623 2478 755 2550 mutatio
775 2498 945 2564 menstrua,
968 2497 1061 2571 atque
1075 2509 1156 2574 aqua
1170 2488 1304 2550 maxime
1319 2490 1378 2552 erit
1392 2491 1451 2554 hu-

168 2593 251 2658 milis
266 2592 338 2658 crim
354 2595 446 2658 Luna
461 2593 578 2676 inipso
592 2605 750 2677 aequatore
764 2603 923 2667 versutum
940 2613 1002 2676 quo
1018 2591 1132 2677 quippe
1147 2603 1286 2675 ternpore
1300 2594 1451 2676 perpetuh

168 2700 365 2764 horizontem
388 2697 562 2783 occupabit
608 2697 696 2762 Hinc
717 2698 814 2782 porrh
834 2720 915 2782 aque
929 2697 1042 2762 sensim
1057 2697 1227 2761 elevabitur
1240 2711 1335 2782 prout
1349 2699 1450 2766 Lunae

169 2808 336 2873 declinatio
350 2809 415 2871 sive
429 2804 537 2871 vereris
550 2806 680 2870 boream
694 2806 759 2870 sive
774 2803 882 2869 versus
897 2819 1035 2871 austrum
1050 2819 1192 2892 augetur,
1210 2805 1311 2868 donec
1325 2793 1463 2871 tandem

169 2919 196 2981 si
210 2917 376 2981 declinatio
397 2915 434 2980 fit
454 2913 599 2992 marrima,
622 2935 680 3000 per
695 2915 832 2998 spatium
849 2922 889 2978 10
903 2912 1052 3008 pollicum
1066 2926 1187 2978 tantum
1203 2913 1357 2990 elevetur3
1381 2939 1451 3002 quae

169 3026 300 3090 mutatio
315 3023 387 3089 crim
400 3024 440 3087 sit
452 3021 604 3110 perquim
618 3022 712 3100 lenta,
729 3023 769 3086 ab
784 3023 895 3086 inertiri
911 3046 1000 3110 aquae
1014 3024 1067 3086 vix
1083 3024 1265 3088 turbabitur.

213 3136 237 3213 ᾗ.
253 3137 306 3196 62.
328 3129 381 3194 Ex
400 3127 450 3192 bis
472 3127 548 3190 veri>
569 3128 679 3192 iisdem
701 3127 843 3192 formulis
866 3127 991 3192 effectus
1007 3153 1025 3192 a
1042 3129 1114 3194 Sole
1129 3129 1278 3193 oriundus
1293 3153 1357 3195 non
1371 3131 1451 3194 diffi-

29 3248 34 3257 '
169 3239 269 3304 culter
289 3239 470 3325 colligatum
497 3247 618 3300 tantum
641 3236 724 3300 enim
750 3236 938 3324 quantitates
965 3238 1089 3314 seta,
1113 3237 1184 3300 loco
1198 3235 1449 3302 Letbsubstitui

169 3359 303 3432 oportet,
326 3367 389 3431 quo
403 3343 486 3408 facto
501 3342 629 3408 effectus
652 3343 734 3408 Solis
756 3345 880 3410 circiter
895 3357 1004 3430 quater
1018 3345 1119 3409 minor
1134 3346 1304 3432 reperietur
1319 3343 1410 3431 quam
1424 3346 1451 3410 is

170 3459 224 3542 qui
242 3479 262 3521 a
282 3455 374 3520 Luni
389 3457 498 3519 oritur.
546 3455 684 3520 Seorsim
699 3469 804 3520 autem
819 3451 892 3518 cium
909 3455 989 3520 Solis
1003 3451 1071 3519 tum
1086 3454 1186 3519 Lunae
1201 3454 1358 3520 effectibus
1373 3453 1450 3518 defi·
1516 3537 1518 3542 ι

169 3566 253 3642 uitis,
275 3585 333 3649 per
355 3563 605 3649 conjunctionem
626 3564 797 3649 simplicem
820 3561 958 3642 effectus,
981 3587 1073 3650 quem
1087 3566 1179 3629 ambo
1199 3565 1362 3629 luminaria
1376 3587 1450 3628 con-

164 3673 298 3757 junctIm
323 3671 512 3758 producunt,
540 3671 806 3737 determinabitur.
867 3673 1024 3737 Ponamus
1049 3673 1153 3760 itaque
1180 3671 1317 3757 primitur
1344 3672 1450 3737 Solem

74 3827 82 3840 .
171 3778 356 3864 Lunamque
378 3778 412 3841 iu
434 3778 652 3864 conjunctione
673 3777 799 3855 versari,
822 3775 856 3841 id
878 3777 963 3864 quod
980 3775 1017 3842 fit
1037 3791 1178 3866 tempore
1192 3778 1360 3854 novilunii3
1383 3789 1450 3841 tum

169 3886 265 3973 igitur
285 3883 427 3972 neglecti
451 3885 554 3950 Luuae
575 3883 748 3963 latitudine,
776 3884 831 3949 Sol
854 3897 885 3948 et
906 3884 999 3949 Luna
1018 3885 1051 3946 iu
1073 3883 1182 3948 eodem
1208 3884 1357 3968 eclipticae
1379 3883 1450 3948 loco

170 3992 387 4070 versabuntur,
411 4003 505 4079 atque
526 3993 618 4057 simul
638 3993 680 4056 ad
701 3991 907 4056 meridianum
922 3989 1011 4077 ecqud
1025 4013 1061 4056 ac
1076 3991 1117 4056 ad
1137 3991 1329 4056 horizontem
1344 3992 1451 4076 appel·

168 4099 244 4163 lent.
290 4097 448 4174 Quocirca
468 4099 664 4164 manentibus
686 4099 897 4183 superioribus
919 4097 1229 4176 denominationibus,
1253 4100 1313 4164 erit
1326 4123 1451 4186 quoque

170 4209 253 4274 Solis
269 4205 485 4270 declinationis
501 4209 586 4271 sinus
606 4233 638 4266 =
659 4207 701 4286 Q,
719 4209 842 4270 cosinus
862 4231 894 4266 =
915 4228 945 4290 q,
963 4229 999 4270 nc
1012 4229 1072 4290 pro
1087 4206 1201 4294 orrgulo
1217 4207 1257 4271 M
1273 4207 1345 4272 PL
1364 4207 1451 4292 cujus

169 4315 403 4380 cotinusam:
421 4327 443 4394 t,
460 4315 519 4377 erit
530 4315 615 4378 sinus
625 4313 797 4377 altitudinis
814 4309 1021 4398 Solispariter
1031 4313 1076 4376 uti
1092 4314 1193 4377 Lunae
1203 4323 1357 4400 :tpq†
1370 4316 1449 4392 PQ.

171 4423 224 4490 Ex
238 4447 301 4510 quo
316 4423 393 4490 duur
408 4423 502 4488 ambo
516 4409 680 4486 luminaria
700 4443 757 4508 per
778 4421 985 4485 meridianum
1004 4419 1110 4484 versus
1126 4434 1264 4485 austrum
1279 4434 1449 4500 transeunt,

172 4553 264 4616 aquoe
285 4531 428 4611 elevatio,
455 4553 527 4620 quae
548 4544 615 4598 tum
637 4531 698 4596 erit
717 4530 863 4632 maxima,
887 4525 1081 4598 altitudinem
1101 4531 1273 4596 naturalem
1294 4513 1451 4618 superabit

896 4722 902 4732 ·
939 4693 968 4754 ‘m
