3284 5517
177 432 480 513 trasumenus]
513 430 757 497 PRINCIPIA
779 430 1151 498 MATHEMATICA.
1403 438 1463 497 lta

174 608 350 686 viciniores,
373 607 428 693 qui
446 607 480 670 in
498 605 547 670 his
560 605 703 691 partibus
718 616 933 681 versarentnr3
956 616 988 669 et
1004 604 1059 669 Sol
1074 604 1272 689 interpositus
1288 602 1468 671 obscuraret

176 728 314 780 caeteros.
346 712 466 777 Venim
477 712 691 798 percurrendo
703 712 848 776 historias
860 724 1061 789 cometarum,
1074 713 1176 796 reperi
1191 712 1276 798 quod
1287 712 1464 799 quadruplo

175 820 225 884 vel
246 820 411 907 quintuplo
431 820 537 904 plnres
552 820 666 883 detecti
680 831 753 883 sunt
771 820 805 882 in
818 819 1041 903 hemisphaerio
1058 818 1164 883 Solem
1178 842 1295 899 versus,
1318 818 1411 907 qndm
1432 821 1465 885 in

175 926 396 1011 hemisphaerio
418 928 573 1011 opposito,
595 938 712 1010 praeter
732 926 810 990 alios
835 925 1042 1011 proculdubio
1068 948 1132 991 non
1155 948 1282 1011 paucos,
1307 951 1385 1015 quos
1409 930 1467 993 lux

176 1034 286 1098 solaris
308 1034 438 1097 obtexit.
482 1032 641 1096 Nimirum
661 1033 695 1095 in
710 1031 863 1096 descensu
878 1032 919 1097 ad
940 1031 1083 1119 regiones
1097 1046 1221 1097 nostras
1235 1054 1336 1119 neque
1351 1034 1465 1099 caudas

176 1142 331 1217 emittunt,
349 1161 457 1226 ‚neque
477 1140 558 1204 adab
578 1140 773 1205 illustrantur
792 1162 812 1203 a
835 1140 917 1217 Sole,
941 1151 977 1203 ut
996 1139 1088 1203 nudis
1111 1140 1210 1205 oculis
1225 1162 1257 1204 se
1279 1142 1365 1225 prius
1379 1143 1475 1209 dete.

176 1248 297 1337 gendos
319 1250 496 1328 exhibeant,
520 1249 614 1336 quiam
637 1250 698 1315 sint
718 1251 788 1334 ipso
801 1249 880 1313 Jove
894 1249 1065 1332 propiores
1113 1248 1212 1331 Spatii
1227 1262 1332 1313 autem
1345 1252 1466 1317 tantillo

176 1358 339 1422 intervallo
360 1360 443 1423 circa
460 1360 566 1424 Solem
580 1358 727 1442 descripti
741 1378 813 1441 pars
835 1356 929 1443 longe
950 1357 1050 1439 major
1064 1356 1124 1420 sita
1139 1369 1186 1419 est
1199 1378 1219 1419 a
1232 1356 1328 1421 latere
1343 1358 1465 1436 Terre,

177 1466 262 1551 qnod
279 1465 385 1530 Solem
399 1467 527 1550 respicit
533 1489 543 1541 3
565 1464 661 1550 inque
680 1476 771 1548 parte
790 1461 843 1525 illi
862 1464 980 1547 majore
995 1474 1135 1540 cometae,
1160 1462 1227 1527 Soli
1247 1475 1282 1525 ut
1296 1462 1466 1546 plurimum

177 1574 350 1651 viciniores,
367 1575 466 1661 magis
479 1572 648 1637 illuminari
663 1572 772 1636 solent.

222 1682 321 1745 Corvi.
338 1691 368 1747 3.
394 1679 433 1765 (¹)
450 1681 540 1745 Hinc
560 1680 655 1743 etiam
674 1678 872 1743 manifestum
894 1690 950 1755 est,
973 1676 1060 1762 qnod
1084 1676 1154 1741 coeli
1177 1676 1350 1743 resistentib
1373 1680 1468 1747 desti-

177 1803 319 1856 tuuntur.
364 1792 448 1856 Nam
470 1774 601 1856 cometae
621 1791 687 1854 rias
708 1790 850 1875 obliquas
865 1802 897 1853 et
910 1810 1133 1875 nonnunquam
1148 1792 1252 1855 cursui
1274 1793 1467 1876 planetarum

59 1954 67 1965 .
179 1901 351 1963 contrarias
372 1900 480 1977 secuti,
503 1909 668 1963 morentur
689 1897 883 1961 omnifariam
906 1895 1073 1974 liberrime,
1098 1906 1129 1959 et
1148 1908 1251 1960 motus
1271 1920 1354 1976 suos,
1375 1902 1468 1965 etiam

179 2020 288 2071 contra
309 2008 435 2071 cursum
459 2007 656 2091 planetarum
677 2002 849 2069 diutissime
872 2016 1064 2069 conservent.
1121 2005 1156 2088 (¹)
1182 2004 1289 2068 Fallor
1313 2007 1346 2068 ni
1369 2029 1468 2095 genus

177 2115 375 2200 planetarum
396 2116 467 2192 siut,
491 2128 523 2178 et
541 2128 631 2179 motu
649 2126 803 2198 perpetuo
815 2114 848 2176 in
865 2113 973 2177 orbem
989 2112 1128 2177 redeant.
1173 2111 1257 2177 Nam
1272 2115 1357 2199 quod
1371 2116 1469 2200 scrip·

178 2235 263 2287 tores
277 2224 373 2309 aliqui
393 2236 533 2287 meteora
546 2245 615 2287 esse
628 2223 748 2300 volunt,
769 2234 988 2309 argumentum
1003 2246 1023 2286 a
1036 2222 1175 2307 capitum
1197 2224 1354 2309 perpetuis
1367 2236 1470 2289 mutae

179 2333 316 2396 tionibus
341 2332 499 2410 ducentes,
525 2331 730 2396 fimdamento
757 2352 864 2395 carere
886 2331 1019 2395 ridetur.
1077 2331 1124 2417 (¹²)
1146 2332 1258 2417 Capita
1279 2344 1470 2398 cometarum

178 2441 395 2526 aunosphoeris
408 2440 587 2527 ingentibus
602 2441 788 2528 cinguntur3
811 2452 844 2504 et
857 2441 1075 2525 aunospbaeroe
1095 2440 1215 2505 infemd
1230 2442 1388 2506 densiores
1404 2464 1472 2507 esse

180 2548 324 2612 debent'
351 2546 448 2613 Unde
460 2548 559 2613 nubes
574 2561 657 2626 sunt,
672 2569 736 2611 non
751 2548 820 2632 ipsa
834 2560 1025 2613 cometarum
1040 2571 1183 2634 corpora,
1197 2550 1231 2612 in
1243 2550 1354 2636 quibus
1367 2562 1473 2615 muta·

178 2656 278 2719 tiones
299 2655 362 2718 illm
382 2655 533 2719 visuntur.
579 2654 633 2719 Sic
653 2654 755 2718 Terra
775 2655 803 2717 si
824 2676 843 2718 e
862 2653 995 2739 planetis
1018 2666 1219 2740 spectaretur,
1242 2654 1312 2719 luce
1335 2656 1469 2720 nubium

180 2787 307 2830 suarum
326 2764 534 2850 proculdubio
554 2764 742 2849 splenderet,
758 2775 792 2827 et
805 2785 919 2848 corpus
934 2762 1060 2827 firmum
1075 2764 1133 2827 sub
1147 2763 1283 2828 nubibus
1301 2762 1399 2849 prope
1417 2760 1473 2828 de-

179 2872 343 2935 litesceret.
389 2872 442 2935 Sic
456 2870 583 2959 cingula
601 2871 689 2935 Joris
702 2870 735 2933 in
749 2870 886 2934 nubibus
901 2870 1035 2955 planetae
1049 2868 1132 2936 illius
1147 2870 1281 2933 formata
1294 2884 1376 2947 sunt,
1402 2893 1474 2957 quae

181 2985 277 3048 situm
297 2993 421 3045 mutant
440 2982 522 3045 inter
545 3004 588 3059 se,
610 2993 644 3045 et
662 2980 790 3045 firmum
810 2980 898 3045 Joris
906 3000 1019 3067 corpus
1040 3002 1098 3064 per
1111 2978 1210 3043 nubes
1231 2978 1299 3043 illas
1313 2979 1472 3047 difficilius

181 3087 329 3153 cernitu.
373 3084 417 3151 Et
437 3086 537 3151 multo
557 3087 656 3173 magis
676 3108 810 3172 corpora
824 3106 1016 3151 cometarum
1032 3086 1091 3150 snb
1106 3082 1320 3171 atmosphoeris
1341 3098 1373 3149 et
1390 3106 1473 3173 pro-

158 3210 163 3221 ·
179 3195 376 3261 frmdioribus
391 3206 422 3259 et
436 3194 638 3259 crassioribus
652 3191 805 3259 abscondi
816 3190 941 3259 debent.

212 3435 250 3501 (l)
270 3440 284 3471 ⁸
301 3440 368 3487 Hinc
385 3440 455 3487 etiosa
471 3438 624 3505 menan
641 3448 681 3487 ert.
714 3438 807 3487 chriso.
841 3452 903 3487 nessa
921 3436 1012 3487 ridetur
1030 3445 1058 3485 ut
1076 3436 1222 3497 rapidissimo
1237 3436 1350 3483 vorticum
1367 3438 1472 3482 torrente

157 3515 160 3522 ·
183 3500 295 3549 Quas
309 3502 333 3549 iu
352 3502 420 3551 Mon.
436 3502 510 3551 Paris.
524 3519 562 3550 aa.
578 3506 647 3551 17³1.
665 3504 811 3566 retrogradus
841 3500 949 3551 sonnatii
966 3510 1109 3549 cometamur
1125 3510 1203 3548 motus
1217 3498 1318 3547 maximi
1333 3500 1470 3559 perturben-

181 3575 313 3611 oometanrn
334 3564 696 3628 motnnnddirectosingenione
706 3566 807 3615 reduxit.
841 3576 887 3623 tur,
910 3563 1005 3627 citoque
1026 3564 1181 3621 destruantur,
1208 3578 1235 3611 ac
1256 3564 1351 3612 tandem
1372 3568 1471 3609 cometa

183 3627 322 3676 observatos
332 3630 486 3689 plurimorum
497 3640 639 3677 cometmm
646 3643 727 3680 motus
736 3641 810 3679 retro·
841 3630 940 3693 hujusce
956 3629 1063 3676 torrentis
1080 3627 1241 3687 virapirntur.
1278 3630 1312 3675 At
1327 3624 1417 3673 summi
1434 3638 1470 3670 re·

180 3690 265 3752 grados
283 3707 358 3740 meras
373 3708 424 3743 uo
435 3695 581 3754 appetentias
595 3694 744 3755 ourjeetntnr,
761 3709 810 3741 non
843 3694 936 3757 gulares
946 3706 996 3740 erse
1007 3702 1149 3739 oemnarum
1157 3700 1241 3747 motus,
1251 3699 1275 3737 et
1284 3687 1364 3736 contri
1375 3702 1469 3735 cursum

180 3769 249 3803 acus
269 3769 296 3803 ac
316 3755 418 3814 dimano
442 3757 588 3817 planetarum
609 3758 810 3806 circumeuntium
841 3752 1470 3817 planetammsdiutinimiconserrari.mnnuibscome·

180 3826 261 3865 motu·
284 3829 379 3878 comt
406 3818 533 3883 aliquando
559 3820 714 3884 retrogradus.
761 3820 809 3869 snt
844 3830 923 3870 tarum
934 3818 1046 3881 exemplis
1057 3818 1166 3879 deinceps
1176 3818 1270 3881 patebit.

180 3880 286 3954 quamvis
296 3881 437 3931 celeberrimi
448 3884 547 3947 hujusce
556 3886 681 3933 monent
689 3884 808 3948 judicium

180 3943 808 4073 ximeffiffiofflffloemfffmss
843 3990 953 4053 gravibus
977 3986 1136 4034 fundamentis
1162 3987 1250 4033 nitanrr
1275 3987 1326 4033 hnc
1348 3986 1470 4042 monada,

179 4084 277 4120 meum
295 4071 396 4121 muna
413 4074 548 4123 mmmm
563 4028 754 4134 mmffi'
764 4077 809 4124 ,ἡ
840 4052 991 4101 murena
1012 4050 1056 4097 ent
1081 4046 1161 4111 putea
1182 4064 1212 4097 a
1238 4050 1308 4097 vura
1327 4058 1471 4097 mamm

181 4133 212 4181 de
222 4150 247 4182 re
258 4142 326 4196 ptura
335 4136 429 4185 dicendi
441 4137 507 4187 locus
517 4138 616 4197 debitio,
633 4150 754 4203 postqum
764 4140 809 4188 sci·
841 4114 1007 4178 Pham·

180 4197 237 4245 licet
246 4199 409 4249 tradiderimus
416 4210 524 4250 moeuum
534 4198 805 4251 cometarumelemeirta.
874 4204 916 4270 (⁸)
930 4207 943 4236 0
957 4206 1037 4265 Capito
1049 4212 1190 4253 annnorum
1201 4200 1392 4263 atmoqrhrerlsia
1425 4200 1470 4248 nti-

182 4260 299 4324 Obliqnes
313 4278 364 4315 «aa
376 4278 545 4328 nonnunquam
560 4277 706 4315 cometarum
718 4268 767 4314 rias
784 4276 808 4315 ct
841 4270 887 4316 bus
894 4268 958 4331 cingi
965 4268 1034 4315 variis
1041 4268 1184 4329 argumentis
1191 4268 1341 4327 imposterum
1349 4280 1393 4312 con
1411 4273 1472 4313 nnat

180 4328 259 4375 cursui
274 4328 421 4388 planetarum
435 4330 638 4378 conmutaret-i
652 4346 702 4379 non
715 4331 808 4379 dubita·
842 4332 980 4381 Newtonus.
1016 4333 1134 4379 ceterum
1151 4331 1175 4377 in
1192 4330 1247 4391 ipsis
1263 4340 1407 4379 effluentum
1419 4344 1469 4376 cor·

179 4400 237 4438 runt
253 4390 350 4453 quidam
369 4392 505 4441 canetm
547 4392 639 4442 Verbm
655 4394 704 4456 qni
719 4395 809 4442 nume
842 4386 939 4457 ponbns
955 4410 1003 4443 non
1020 4395 1069 4442 lieri
1085 4404 1208 4456 perpetuas
1222 4394 1362 4441 mutationes
1377 4392 1429 4440 illas
1445 4394 1471 4439 in

180 4452 264 4501 diversi
274 4454 309 4501 illi
319 4466 464 4505 cometarum
471 4466 550 4505 motus
557 4473 613 4505 eum
621 4459 745 4507 turnultus
752 4474 808 4506 oon·
843 4459 944 4507 dnunu
955 4458 1070 4507 constabit
1085 4457 1269 4520 independenter
1279 4454 1376 4506 omnlnb
1386 4460 1416 4504 ab
1429 4456 1470 4504 itti

180 4516 254 4565 ciliari
273 4518 368 4579 possint,
387 4519 483 4568 difficile
503 4521 651 4585 intelligitur,
673 4521 728 4569 cum
745 4523 810 4569 enim
843 4523 954 4581 opinione
973 4538 1027 4587 quse
1054 4522 1151 4571 comeus
1179 4522 1286 4585 ingentes
1307 4522 1471 4583 atmosphaoras

180 4590 278 4631 mete
289 4581 315 4631 in
324 4584 432 4648 regiones
447 4584 595 4647 planetarum
605 4586 754 4643 descendant,
767 4601 810 4634 ne-
842 4587 930 4635 tribuit.
