3284 5517
246 354 347 428 'xxxiv
712 362 1048 433 lmuonucuuo
1349 368 1455 452 [Cau
1473 369 1540 437 111.

248 535 392 601 ameni
405 539 584 623 apparentis
600 538 711 616 aune,
727 550 796 604 tum
810 538 985 606 velocitatis
999 540 1097 628 ipsius
1111 541 1146 604 u
1160 520 1225 605 uni
1238 540 1434 608 mausona
1447 544 1541 609 auu-

247 644 333 731 gitar
353 644 438 709 hunc
458 646 614 731 planetam
628 645 718 711 radio
731 647 773 711 ad
787 660 930 713 centrum
944 662 1038 717 terrae
1052 648 1149 715 ducto
1163 671 1252 715 areas
1266 650 1444 717 describere
1457 666 1540 718 tem·

247 752 377 837 poribus
392 753 514 817 circiter
528 752 789 837 proportionales.
895 800 899 803 -

290 870 343 925 ta.
367 860 401 927 si
423 857 525 947 itaque
547 860 728 925 observetur
749 860 837 927 locus
861 860 943 927 Solis
964 860 998 925 in
1020 859 1177 947 Eclipticai
1198 860 1327 948 quandb
1349 876 1418 929 tum
1437 863 1539 949 ipsius

246 964 393 1031 velocitas
414 977 482 1031 tum
503 966 654 1031 diameter
675 988 829 1055 apparens
843 967 973 1033 mininie
986 980 1043 1047 eat,
1062 967 1192 1033 dabitur
1205 982 1346 1057 tempore
1360 971 1435 1036 dato
1448 971 1539 1037 locus

245 1073 382 1161 Apogaei
406 1074 489 1139 Solis
513 1087 545 1139 et
570 1074 689 1141 collatis
717 1075 857 1162 plurium
879 1098 1036 1140 annorum
1061 1077 1334 1144 observationibus
1359 1080 1539 1145 innotescet

246 1179 382 1270 Apogaei
395 1194 499 1247 motus
513 1206 635 1249 annuus
650 1184 704 1272 qui
721 1183 813 1270 juxtt
826 1184 872 1251 D.
890 1184 1013 1251 cassini
1027 1199 1075 1251 est
1092 1188 1118 1251 l‘
1133 1188 1175 1251 2¹¹
1189 1200 1223 1253 et
1239 1190 1313 1254 inde
1326 1212 1386 1275 per
1398 1213 1538 1283 propor-

244 1290 339 1355 tionis
353 1288 494 1378 regulam
507 1290 640 1357 habetur
654 1302 758 1355 motus
773 1291 910 1379 Apogaei
922 1312 984 1377 pro
998 1292 1139 1379 quolibet
1152 1292 1228 1359 dato
1247 1309 1399 1381 tempore.
1444 1296 1537 1361 Hinc

244 1398 427 1483 sitempore
447 1398 557 1484 quovis
578 1398 760 1463 observetur
784 1398 866 1463 Solis
886 1398 1052 1487 longitudo
1071 1422 1157 1478 vera,
1180 1401 1308 1466 dabitur
1329 1402 1442 1469 eodem
1455 1415 1536 1468 tem-

243 1532 322 1597 pore
342 1510 430 1574 locus
446 1508 581 1597 Apogaei
597 1508 679 1574 Solis
694 1520 726 1573 et
739 1508 837 1593 ipsius
852 1508 1008 1573 anomalia
1021 1529 1097 1573 vera
1109 1531 1151 1573 ex
1165 1508 1228 1597 qui
1244 1522 1371 1575 eruetvrr
1392 1512 1536 1598 ejusdem

244 1616 400 1684 anomalis
409 1616 514 1682 media
524 1622 594 1704 (per
606 1617 711 1683 Schol.
723 1616 764 1683 ad
774 1617 873 1703 Prop.
884 1616 1023 1682 XXXI.
1035 1616 1109 1683 Lib.
1124 1619 1166 1700 I.)
1174 1642 1213 1684 ec
1223 1619 1358 1706 proinde
1369 1620 1537 1708 longitudo

242 1728 346 1793 medis
365 1722 532 1791 habebitur
551 1738 695 1811 tempore
713 1724 946 1790 observationis.
993 1724 1078 1789 Haec
1091 1724 1258 1813 longitudo
1270 1726 1377 1792 media
1390 1750 1532 1792 oesuma·

241 1852 294 1903 tur
312 1848 464 1927 tanquam
483 1837 575 1901 radix
594 1858 649 1901 seu
669 1836 863 1924 principium
881 1846 1027 1898 motuum
1046 1834 1225 1899 mediorum
1246 1836 1329 1901 Solis
1352 1844 1386 1901 et
1406 1848 1533 1922 tempus

240 1943 466 2011 observationis
485 1956 635 2032 tanquam
657 1944 777 2031 epocha
794 1956 974 2029 temporum
993 1942 1171 2007 mediorum
1190 1944 1474 2029 computandorum
1500 1959 1533 2010 et

241 2052 316 2119 dato
330 2052 470 2141 quolibet
482 2052 545 2117 alio
559 2065 701 2139 tempore
710 2051 815 2117 medio
825 2052 958 2115 inveniri
971 2051 1088 2137 poterit
1101 2052 1223 2117 medius
1239 2052 1322 2118 Solis
1336 2066 1442 2117 motus
1457 2053 1536 2119 huic

239 2162 375 2249 tempori
402 2162 656 2250 proportionalis,
687 2175 719 2229 et
743 2160 817 2226 inde
846 2160 1014 2226 habebitur
1043 2160 1141 2247 ipsius
1170 2161 1336 2251 longitudo
1364 2160 1471 2227 medin
1501 2178 1536 2229 et

238 2264 387 2337 distentia
410 2273 478 2358 ejus
493 2270 599 2337 media
622 2272 664 2337 ab
689 2271 835 2359 Apogaeo
863 2292 920 2334 seu
948 2268 1103 2334 anomalia
1124 2268 1229 2335 media
1253 2270 1382 2335 dabitur
1402 2293 1445 2335 ex
1469 2270 1535 2357 qul

240 2379 356 2449 deinde
386 2392 514 2446 eruetur
542 2378 697 2445 anomaha
721 2391 893 2467 coaequata,
924 2401 961 2443 ae
988 2376 1122 2465 proinde
1150 2379 1316 2469 longitudo
1343 2402 1419 2446 vera
1449 2380 1534 2447 Solis

238 2486 418 2553 habebitur.

280 2604 334 2660 tt.
359 2594 446 2673 Quis
466 2592 541 2660 verb
559 2594 628 2659 dies
644 2592 768 2660 Solares
783 2606 857 2657 sunt
870 2592 1041 2679 inaequales
1056 2596 1136 2680 (1⁵),
1151 2616 1280 2661 necesse
1293 2609 1343 2663 eet
1355 2609 1393 2663 ut
1405 2608 1533 2681 tempus

237 2717 392 2787 apparens
413 2698 500 2789 quod
521 2698 631 2765 diebus
652 2698 806 2765 solaribus
829 2710 960 2777 constat,
983 2698 1061 2764 fluat
1074 2702 1159 2763 enim
1173 2700 1412 2789 baaequabiliter.
1456 2700 1532 2768 Dif-

238 2808 371 2877 terentia
391 2832 464 2899 quaa
485 2821 533 2874 est
553 2810 635 2874 inter
656 2820 780 2895 tempus
799 2828 1032 2895 apparensseu
1052 2830 1163 2873 verum
1180 2822 1213 2875 et
1234 2822 1361 2897 tempus
1375 2808 1532 2898 aequabile

237 2941 294 2983 seu
315 2917 455 2982 medium
476 2918 592 2981 dicitur
605 2912 741 3005 equatio
755 2914 906 3001 temporis
921 2910 983 3001 qut
998 2913 1176 3003 indigemus
1190 2928 1227 2981 ut
1240 2928 1365 3004 tempus
1388 2914 1532 2980 medium

236 3018 436 3095 coirvertnttu
450 3024 484 3087 in
498 3036 621 3111 tempus
632 3044 786 3109 apparens
797 3036 830 3087 et
839 3022 908 3086 vioe
917 3020 1017 3101 versi,
1028 3019 1165 3109 ideoque
1176 3035 1212 3088 ut
1221 3023 1350 3091 invento
1363 3023 1435 3088 loco
1446 3020 1532 3089 Solis

235 3158 297 3223 pro
309 3146 452 3223 tempore
466 3134 581 3213 medio,
597 3134 773 3199 inveniann
786 3132 882 3197 etiam
894 3152 956 3215 pro
969 3142 1113 3218 tempore
1127 3152 1204 3199 vero
1217 3145 1249 3199 et
1263 3130 1384 3199 oona&

278 3250 332 3308 45.
370 3240 420 3309 Sit
448 3242 490 3321 T,
520 3238 603 3307 Coeli
628 3254 660 3306 et
685 3240 796 3307 Terrae
824 3250 968 3303 centrum

236 3350 270 3417 T
297 3350 332 3430 v.
359 3348 491 3437 punam
515 3349 676 3413 immonsa
703 3346 813 3413 amau
837 3346 967 3431 alicujus
1021 3312 1046 3377 ²

235 3456 414 3536 horariae
432 3456 783 3545 MssNoequatont‘
802 3456 966 3522 SM&

234 3566 390 3652 ecliptica,
418 3568 444 3633 S
475 3565 541 3644 Sol,
571 3576 603 3626 ‘r
635 3566 660 3631 S
690 3564 773 3630 Solis
801 3562 987 3653 longitudo.

236 3698 322 3754 vera,
346 3687 377 3735 ‘t‘
397 3698 412 3741 s
435 3674 576 3761 ejusdem
596 3672 760 3762 longitudo
778 3670 893 3750 media,
916 3670 968 3735 cui

235 3784 365 3871 equalis
378 3784 522 3867 capiatur
537 3804 628 3848 arcus
642 3778 810 3867 aequams
824 3790 857 3841 r
873 3777 925 3857 M,
934 3792 968 3845 et

237 3904 269 3952 φ
286 3893 320 3958 D
343 3892 385 3957 sit
408 3889 490 3957 Solis
508 3889 648 3954 ascensio
667 3901 753 3953 recte
766 3910 851 3953 vera.
894 3886 968 3953 Du-
1015 3886 1053 3948 Ὺ

237 4012 349 4067 cantur
369 3998 413 4064 ed
433 4012 552 4085 puncta
572 3996 700 4063 mobilis
722 3996 762 4063 M
784 4004 817 4062 et
836 3994 966 4062 Dradii

237 4104 968 4197 aquatorisTMetTunisempermove·
1002 4094 1006 4100 ’

235 4212 968 4301 αηιιποιιῐιιριιιιειὶεΜεῐΜιωωοφιοιι-

232 4323 288 4389 tia.
351 4324 513 4400 Quoniam
548 4333 690 4409 aequator
724 4344 782 4407 per
811 4320 964 4387 circulum

232 4430 396 4496 horarium
426 4429 458 4496 T
488 4430 524 4507 Z,
553 4442 643 4495 motu
672 4428 820 4517 oequabili
848 4429 963 4495 diurno

143 4515 149 4536 ⁸
235 4538 348 4629 nempe
363 4539 419 4628 qui
432 4539 470 4604 fit
483 4539 524 4604 ab
538 4538 659 4605 oriente
671 4538 706 4603 in
721 4537 927 4618 occidentem,
941 4536 1073 4619 trauain
1088 4540 1115 4605 si
1129 4549 1282 4626 punctum
1293 4537 1327 4605 D
1338 4535 1532 4604 ascensionis
