3284 5517
460 364 653 433 FLUXUS
674 367 737 431 AO
760 363 1013 433 REFLUXUS
1035 364 1194 431 MARIS.
1407 370 1476 428 251.

184 556 329 623 mam
343 556 416 601 cum
429 535 497 599 aliis
516 534 733 619 pbaenomeuis
754 535 923 599 consistere
943 534 1066 621 possint
1085 554 1145 598 noc
1163 554 1214 598 ne.
1259 531 1471 609 Quantumris

185 644 270 709 anim
289 642 458 727 explicatio
479 641 636 728 quaepiam
658 663 730 705 cum
750 640 966 729 phaenomenis
988 642 1154 725 conspiret,
1175 640 1237 703 nisi
1255 638 1377 715 virium,
1399 658 1472 725 qaae

185 761 396 826 assumuntur,
420 748 586 813 exiatffltia
605 746 731 813 aliunde
753 749 986 833 comprobemur,
1008 747 1095 811 labili
1115 769 1153 811 ea
1172 746 1303 812 omnino
1327 746 1472 809 innitimr

185 854 400 921 fundamento.
447 854 544 931 Quod
560 856 586 918 si
608 868 712 919 autern
727 852 847 932 contri,
870 854 998 919 effeetus
1012 853 1164 939 ejusmodi
1185 853 1304 917 viribus
1317 852 1473 938 tribuatur

185 984 264 1049 quas
286 963 320 1027 in
339 962 462 1031 mundo,
481 959 589 1027 reveni
610 963 743 1027 existam
764 963 825 1026 alia
845 962 1053 1047 phaenomena
1073 959 1156 1025 clare
1169 959 1354 1037 docuerunt,
1377 972 1472 1045 atque

162 1128 166 1135 .
187 1092 326 1141 summus
341 1069 557 1154 explicationis
571 1091 643 1133 cum
657 1069 849 1154 experientiis
871 1090 1040 1133 consensus
1054 1067 1317 1152 deprehendatur,
1339 1066 1473 1131 dnbiinn

187 1180 247 1244 erit
260 1180 381 1245 nullum
397 1180 473 1265 quin
487 1180 547 1242 ista
560 1179 727 1263 explicatio
742 1178 782 1241 sit
794 1178 933 1265 genuina
946 1190 979 1241 et
993 1176 1059 1241 sola
1073 1198 1156 1240 vera.

231 1293 256 1369 b
272 1296 302 1353 8.
326 1286 480 1363 Quamvis
495 1296 599 1349 autem
614 1284 706 1349 certis
720 1285 839 1349 viribus
854 1284 957 1361 Lupe
970 1305 1008 1347 ac
1023 1282 1090 1349 Soli
1104 1281 1278 1347 tribuendis
1291 1280 1474 1366 phaenome-

187 1416 252 1461 nou
266 1392 362 1459 aestiis
376 1392 470 1457 mmm
484 1389 648 1457 commode
662 1391 812 1477 explicari
826 1403 942 1475 posset,
958 1402 1062 1455 mmen
1078 1388 1123 1454 ob
1135 1388 1218 1453 hanc
1232 1389 1331 1453 solam
1344 1410 1471 1454 oausam

187 1500 363 1567 istiusmodi
384 1502 464 1567 vires
485 1512 619 1567 stamer‘e
641 1502 733 1565 nimis
748 1500 853 1565 audax
866 1499 1007 1565 videtur:
1029 1499 1232 1585 quamobrem
1246 1498 1398 1583 imprimis
1411 1499 1474 1563 erit

187 1608 425 1695 dispiciendum,
441 1630 518 1673 unm
531 1609 601 1673 alim
615 1609 750 1673 rationes
765 1607 917 1693 ejusmodi
930 1608 1012 1671 vires
1026 1629 1091 1671 uon
1106 1605 1209 1671 soldm
1223 1606 1398 1682 admittant,
1415 1604 1473 1670 sed

188 1720 284 1785 etiam
300 1732 376 1787 actu
398 1720 532 1784 existere
550 1716 714 1785 manifesto
735 1719 885 1784 iudicent.
930 1718 1159 1783 Perlustremus
1173 1720 1269 1806 igitur
1282 1719 1373 1795 vires,
1396 1738 1475 1803 qnas

183 1826 256 1909 jain
271 1824 397 1891 aliimdd
418 1824 451 1889 in
472 1824 592 1889 mundo
613 1826 717 1913 vigere
730 1826 884 1901 novimus,
902 1824 1153 1910 sciscitemurque
1168 1824 1276 1908 paucis
1292 1844 1333 1887 an
1348 1822 1390 1887 ad
1404 1842 1475 1885 mo·

188 1944 257 1995 tum
277 1930 473 2014 reciprocum
494 1953 612 1997 oceano
633 1932 846 1997 inducendum
859 1932 923 1997 sint
943 1932 1084 1997 idonee:
1107 1931 1184 1995 tales
1197 1932 1283 1995 ertim
1296 1930 1380 1993 vires
1393 1930 1420 1991 si
1439 1927 1476 1992 in

188 2036 309 2103 mundo
318 2038 385 2122 jam
400 2050 516 2117 extent,
533 2040 634 2103 omnm
648 2039 737 2103 labor
750 2040 785 2103 in
799 2039 868 2103 eliis
881 2038 1075 2125 inquirendis
1095 2038 1254 2121 impensus
1272 2033 1379 2100 irritus
1392 2032 1476 2097 foret

190 2164 228 2205 ac
253 2142 413 2209 ridiculus.
471 2145 522 2210 Ac
549 2144 663 2229 primii.
682 2146 808 2232 quidem
836 2145 864 2209 si
893 2146 1000 2211 Solem
1028 2155 1215 2230 spectamus,
1236 2154 1341 2207 motos
1361 2141 1477 2205 Terre

190 2270 313 2317 annuus
332 2252 460 2319 omoind
482 2254 620 2321 declarat
634 2254 942 2340 Terram,perpetud
958 2252 1066 2319 versds
1081 2252 1187 2319 Solem
1200 2252 1318 2341 urgeri,
1340 2262 1374 2315 et
1386 2249 1478 2336 quasi

190 2356 313 2435 attrahi,
337 2358 432 2445 idque
452 2359 563 2427 fortius
584 2363 617 2426 in
636 2364 752 2427 minori
766 2362 923 2440 dismntis,
938 2361 1072 2426 debilius
1087 2359 1161 2424 verb
1181 2360 1216 2423 in
1229 2358 1356 2444 mejori3
1381 2368 1478 2443 atque

190 2462 270 2527 adeo
291 2463 373 2529 hauc
390 2466 470 2531 Solis
492 2468 554 2531 vim
576 2470 609 2533 in
631 2469 765 2534 Terram
785 2470 939 2535 rationem
957 2481 1064 2533 tenere
1077 2468 1271 2552 reciprocam
1285 2464 1477 2549 duplicatam

192 2570 427 2637 distantiarum:
450 2596 491 2639 ex
506 2596 569 2660 quo
583 2576 694 2661 sponte
709 2576 849 2663 sequimi
861 2598 927 2641 non
941 2574 1044 2641 soltim
1058 2576 1235 2640 universam
1250 2574 1395 2651 Terram,
1419 2572 1478 2638 sed

193 2678 288 2741 etiam
310 2678 448 2766 singulas
469 2682 535 2765 ejus
556 2694 660 2765 partes
673 2681 828 2767 perpetui)
841 2680 949 2747 vereris
964 2682 1071 2747 Solem
1085 2682 1201 2769 urgeri.
1245 2681 1330 2747 Tota
1350 2679 1479 2767 quidem

194 2782 298 2847 Terra
317 2785 407 2871 aeque
428 2785 549 2851 sortiter
569 2788 610 2853 ad
633 2789 740 2855 Solem
761 2788 954 2867 sollicitamur,
976 2810 1014 2853 ec
1034 2790 1062 2853 si
1081 2788 1185 2853 omnis
1204 2787 1337 2853 materia
1355 2787 1391 2851 in
1410 2787 1480 2871 ejus

193 2902 300 2955 centro
321 2904 403 2957 esset
424 2907 589 2981 congesta3
615 2895 740 2963 interim
762 2909 868 2961 tamen
888 2908 994 2982 partes
1015 2896 1099 2961 euos
1119 2896 1317 2981 superficiem
1337 2895 1406 2961 site
1425 2893 1480 2959 vel

192 2998 291 3083 magis
305 2998 355 3063 vel
368 2998 472 3067 minus
491 3002 533 3067 ad
555 3001 661 3067 Solem
675 3002 859 3082 allicienttm
874 3002 969 3090 quim
982 3015 1084 3069 tobim
1099 3003 1211 3068 Terre
1225 3024 1350 3089 corpus,
1372 3001 1481 3088 prouti

194 3103 243 3169 vel
263 3103 366 3167 minuis
389 3106 438 3171 vel
458 3110 558 3195 nugis
580 3110 642 3173 sint
661 3122 789 3175 remotae
808 3133 830 3175 a
848 3110 933 3187 Sole,
948 3108 1042 3195 quim
1062 3124 1206 3175 oentmm
1223 3110 1344 3175 Terroe.
1389 3110 1482 3175 Hine

193 3213 288 3299 igitur
312 3214 359 3295 fit,
386 3229 421 3281 ut
445 3215 514 3283 haec
539 3218 648 3291 eadem
673 3220 785 3287 visad
812 3220 919 3285 Solem
943 3218 1076 3285 tendens
1104 3240 1218 3305 aquarn
1245 3214 1343 3284 modo
1367 3217 1477 3305 magis,

193 3321 289 3388 modo
310 3325 413 3391 murus
435 3326 547 3403 trahat,
570 3348 611 3393 ex
633 3326 695 3413 quai
716 3324 835 3393 alterni
857 3328 979 3391 actione
996 3340 1100 3391 motus
1120 3327 1299 3411 reciprocus
1320 3325 1355 3389 in
1373 3322 1480 3389 fluidis

194 3429 368 3495 necessario
397 3432 471 3499 oriri
500 3432 603 3497 debet.
662 3431 821 3511 Quocircti
848 3434 910 3499 ista
938 3432 1021 3499 Solis
1048 3434 1095 3497 vis
1122 3431 1157 3495 in
1181 3431 1329 3517 presenti
1351 3432 1480 3519 negotio

195 3537 375 3623 neutiquam
399 3538 517 3626 negligi
534 3538 659 3623 poterit,
686 3537 757 3605 crim
784 3563 831 3617 ea,
857 3540 885 3603 si
909 3538 990 3603 forte
1011 3538 1078 3604 sola
1106 3560 1232 3603 causam
1259 3538 1355 3605 estus
1383 3537 1479 3601 maris

195 3664 260 3706 non
282 3646 450 3725 constituit,
473 3645 556 3712 cesti
578 3646 722 3711 effectum
744 3646 875 3713 ffimnm
891 3646 1004 3713 virium
1016 3644 1193 3713 necessarii>
1207 3644 1331 3711 afficere
1352 3666 1391 3709 ac
1410 3654 1479 3709 tur-

195 3750 271 3816 bare
292 3750 413 3817 debeat

238 3864 262 3940 §.
279 3868 309 3923 9.
333 3860 608 3937 Quemadmodrim
628 3876 734 3931 autern
756 3866 858 3931 Terra
880 3887 952 3930 cum
973 3865 1117 3931 omnibus
1132 3864 1196 3929 suis
1209 3866 1351 3951 partibus
1371 3860 1481 3929 versus
1615 3900 1619 3907 ·

199 3966 304 4031 Solem
326 3968 526 4049 sollicitatum
548 3975 591 4037 ita
613 3995 722 4037 eorum
736 3976 889 4039 sententia
907 3996 971 4038 non
986 3972 1121 4039 multdun
1134 3997 1155 4037 a
1167 3974 1296 4039 veritate
1311 3973 1481 4037 abhorrere

198 4073 330 4153 videtur,
357 4077 470 4161 quiin
496 4078 587 4141 Lunai
611 4080 745 4144 similem
769 4081 834 4143 vim
860 4080 1025 4166 collocput.
1086 4080 1329 4145 Observationes
1354 4077 1482 4165 quidem

197 4182 374 4269 hujusmodi
384 4186 447 4248 vim
461 4187 494 4249 in
510 4188 603 4253 Luni
617 4211 682 4251 non
696 4188 912 4253 demonstrant
926 4175 1017 4251 silenti
1030 4188 1064 4249 in
1075 4188 1173 4264 Sole;
1195 4186 1268 4251 crim
1281 4199 1385 4251 motus
1397 4186 1480 4250 Ter-

196 4314 241 4355 rae
256 4292 289 4357 in
305 4292 404 4355 orbiti
420 4292 473 4357 suti
490 4294 615 4359 nLuni
630 4292 758 4359 ommni
774 4316 839 4359 non
852 4294 934 4357 affici
954 4292 1225 4377 deprehendetur:
1248 4293 1304 4358 sed
1319 4295 1346 4357 si
1367 4293 1483 4357 docue-

197 4402 296 4465 rimus
311 4400 443 4465 eandem
458 4400 520 4463 vim
534 4400 575 4463 ad
590 4398 714 4465 Lunam
730 4400 955 4483 respicientem,
979 4420 1050 4483 quoe
1063 4400 1154 4462 aestui
1168 4400 1262 4464 maris
1277 4398 1483 4486 producendo

198 4506 238 4571 sit
258 4528 326 4591 par,
350 4506 383 4567 in
404 4518 492 4569 motu
514 4505 625 4569 Terrae
646 4506 765 4569 nullam
787 4504 964 4569 sensibilem
978 4505 1164 4568 anomaliaiu
1179 4506 1353 4590 producere
1366 4506 1480 4584 valere,

200 4612 339 4683 antiocia,
364 4632 434 4687 quae
456 4610 535 4676 forte
556 4611 590 4675 iu
613 4612 681 4675 tulis
703 4612 748 4675 vis
770 4610 957 4675 admissione
972 4611 1140 4676 consistere
1154 4612 1327 4691 videbatur,
1350 4609 1484 4679 multitu
