3284 5517
232 378 294 437 loo
533 374 878 443 PHILOSOPHIAE
900 373 1174 443 NATURALIS
1207 370 1536 453 [nationesne.

226 544 295 609 nuli
309 546 500 630 conjunctim
514 564 654 635 aequaret
667 549 772 615 lucem
784 550 883 637 globi,
906 550 995 635 cujus
1015 548 1167 622 diameter
1179 556 1260 613 esset
1285 546 1345 614 tol
1356 569 1366 609 ι
1387 544 1450 609 erit
1462 543 1536 607 dia-
1631 528 1633 601 l

226 654 326 717 tantia
340 669 472 720 cometa
485 657 528 721 ad
541 658 720 723 distantiam
736 660 864 735 Sattirni
878 670 914 723 ut
930 667 945 723 1
963 658 1005 723 ad
1026 659 1058 721 tl
1077 668 1098 723 t
1113 655 1245 737 inverse,
1261 672 1294 721 et
1310 654 1439 721 12‘'.ad
1454 655 1533 721 80'2

227 758 359 838 directe,
372 760 407 825 id
421 775 478 841 est,
493 775 530 829 ut
544 772 586 829 at
600 766 644 832 ad
658 776 701 831 80
715 776 807 831 seut
824 767 865 831 ad
879 776 910 833 t.
957 767 1079 831 Rursus
1095 780 1216 831 cometa
1230 764 1305 831 anni
1322 772 1403 829 1666
1419 786 1534 829 meuse

227 868 344 952 Aprili,
366 882 403 934 ut
423 884 595 936 auctorest
610 872 775 951 Herelius,
798 873 938 939 claritate
953 872 1007 937 sui
1029 895 1111 958 pene
1126 873 1206 937 fixas
1215 854 1330 939 *omnes
1345 872 1529 957 superabat,

227 974 398 1061 quinetiam
425 976 530 1061 ipsum
561 980 732 1051 Summum
761 980 883 1045 ratione
911 979 1026 1045 coloris
1055 978 1199 1045 videlicet
1230 977 1324 1065 longe
1353 978 1531 1043 vividioris.
1631 1004 1633 1077 ἶ

228 1084 359 1170 Quippe
379 1086 514 1151 lucidior
535 1100 602 1153 erat
622 1089 675 1153 hic
689 1103 813 1153 cometa
826 1090 926 1155 altero
939 1089 1004 1166 illo,
1017 1089 1082 1176 'qui
1102 1090 1136 1153 in
1151 1088 1215 1153 fine
1228 1089 1303 1153 anni
1317 1087 1532 1173 praecedentis
1631 1078 1633 1155 l

226 1206 425 1278 apparuerat,
448 1207 574 1259 etcum
596 1196 693 1261 stellis
717 1197 828 1282 primae
853 1196 1076 1284 magnitudinis
1102 1195 1328 1261 conferebatur.
1374 1194 1533 1261 [aurudo

227 1300 370 1383 capillitii
390 1313 459 1365 erat
478 1303 568 1387 quasi
591 1304 632 1366 δ’.
654 1314 687 1367 at
707 1303 837 1369 nucleus
859 1325 931 1369 cum
952 1302 1085 1387 planetis
1106 1324 1168 1386 ope
1188 1301 1255 1365 tubi
1276 1301 1372 1385 optici
1393 1301 1532 1365 collatus

229 1408 323 1493 plane
343 1409 448 1475 minor
470 1422 537 1475 erat
556 1410 648 1488 Jove,
670 1421 702 1477 et
721 1433 807 1479 nuuc
820 1414 925 1477 minor
940 1433 1071 1499 corpure
1085 1410 1271 1475 intermedio
1288 1410 1425 1488 Saturni,
1443 1432 1534 1475 nunc
1631 1428 1632 1503 ζ

226 1514 288 1599 ipsi
302 1515 432 1601 aequalis
448 1516 660 1599 judicabatur.
704 1517 806 1585 Porrd
828 1518 901 1585 crim
923 1520 1073 1585 demetet
1088 1519 1229 1604 capillitii
1243 1518 1533 1591 cometarumrarb
1631 1514 1632 1583 Ϊ

226 1636 356 1707 superet
377 1623 417 1687 8'.
441 1622 492 1687 vel
515 1625 576 1701 12‘,
600 1623 752 1691 diameter
771 1624 847 1691 verb
867 1625 981 1703 nuclei,
1005 1648 1060 1691 seu
1081 1625 1179 1692 stellae
1204 1624 1348 1697 centralis
1376 1626 1416 1691 sit
1440 1627 1534 1712 quasi
1628 1674 1633 1699 .

227 1732 350 1797 decima
368 1734 418 1798 vel
437 1733 518 1799 forte
540 1734 784 1821 decimaquinta
797 1758 872 1819 pars
887 1734 1031 1801 diametri
1046 1734 1196 1819 capillitii,
1211 1747 1299 1819 patet
1312 1734 1418 1809 stellas
1433 1735 1534 1801 hasce
1631 1720 1633 1749 ’

227 1853 264 1903 ut
277 1838 450 1924 plurimum
471 1841 612 1927 ejusdem
626 1865 694 1909 esse
708 1842 886 1927 apparentis
902 1840 1126 1929 magnitudinis
1148 1862 1220 1905 cum
1241 1841 1384 1925 planetis.
1432 1841 1535 1907 Unde

228 1946 302 2015 cium
322 1949 378 2015 lux
400 1971 509 2015 earum
531 1972 604 2015 cum
625 1952 697 2015 luce
720 1951 847 2017 Saturni
869 1973 935 2016 uon
950 1949 1024 2013 rard
1037 1949 1173 2013 conferri
1193 1952 1302 2034 possit,
1326 1974 1459 2037 eamque
1472 1953 1534 2017 ali·

228 2057 357 2143 quaudo
380 2070 518 2142 superet,
540 2059 741 2125 manifestum
766 2073 823 2135 est,
845 2061 931 2148 quod
955 2073 1085 2125 cometae
1105 2082 1213 2125 omnes
1238 2062 1272 2125 in
1297 2060 1458 2146 periheliis
1479 2063 1535 2129 vel

227 2166 310 2233 infra
325 2168 496 2233 Saturnum
511 2169 688 2233 collocandi
708 2170 780 2247 sint,
802 2170 853 2235 vel
875 2192 938 2234 non
960 2169 1054 2259 longe
1069 2170 1174 2254 suprd.
1220 2170 1338 2235 Errant
1351 2172 1448 2258 igitur
1462 2184 1534 2235 toto

228 2273 321 2353 coelo,
336 2276 392 2360 qui
406 2290 543 2341 cometas
557 2276 590 2339 in
604 2277 766 2363 regionem
780 2277 917 2341 fixanun
931 2298 1031 2362 prope
1046 2276 1210 2363 ablegant:
1232 2276 1294 2363 qut
1310 2290 1393 2341 certe
1408 2280 1535 2343 ratione

227 2405 294 2449 nou
313 2383 414 2469 magis
434 2384 584 2451 illustrari
597 2384 748 2451 deberent
761 2408 782 2449 a
797 2385 871 2451 Sole
885 2398 1003 2465 nostro,
1026 2383 1122 2472 quim
1135 2385 1280 2469 planetae,
1303 2387 1357 2473 qui
1376 2386 1429 2453 hic
1444 2402 1532 2467 sunt,

229 2495 427 2563 illustrantur
440 2520 461 2561 a
474 2496 664 2562 stellisfixis.

276 2606 361 2673 Hoec
382 2606 609 2691 disputavimus
634 2628 700 2671 non
723 2606 953 2673 considerando
976 2596 1226 2673 obscurationem
1253 2616 1447 2669 cometarum
1471 2628 1535 2691 per

229 2712 353 2779 fumum
374 2712 463 2777 illum
477 2713 616 2780 maxime
630 2714 793 2802 copiosum
808 2726 840 2777 et
854 2734 1004 2791 crassum,
1021 2736 1084 2801 quo
1099 2724 1193 2797 caput
1208 2712 1417 2789 circundatur,
1441 2716 1534 2798 quasi

231 2840 291 2904 per
303 2820 422 2885 nubem
436 2819 547 2885 obtuse
560 2842 684 2905 semper
698 2821 816 2885 lucens.
854 2818 939 2887 Nam
950 2832 1067 2907 quanto
1081 2820 1244 2887 obscurius
1258 2820 1400 2885 redditur
1414 2843 1534 2905 corpus

230 2948 288 3013 per
308 2929 395 2994 bunc
415 2929 546 3009 iunium,
568 2931 658 2995 tanto
678 2931 809 3016 propius
830 2930 871 2995 ad
895 2930 1000 2995 Solem
1022 2928 1149 2995 accedat
1169 2952 1295 2995 necesse
1310 2940 1365 3007 est,
1389 2942 1424 2993 ut
1440 2929 1534 3013 copia

230 3036 310 3101 lucis
330 3061 351 3101 a
371 3061 405 3103 se
427 3039 553 3103 reflexae
572 3040 714 3124 planetas
738 3037 912 3103 aemuletur.
957 3035 1038 3100 inde
1053 3034 1219 3101 verisimile
1233 3038 1271 3099 fit
1285 3048 1420 3101 cometas
1435 3036 1534 3124 louge

230 3148 312 3215 iufra
331 3150 490 3235 sphaeram
513 3152 641 3216 Saturni
655 3149 855 3227 descendere,
868 3146 923 3211 'uti
944 3168 984 3209 ex
1005 3147 1159 3230 parallaxi
1183 3146 1392 3230 probavimus.
1424 3147 1534 3210 *Idem

231 3262 307 3343 rerd
333 3284 428 3349 quam
450 3262 587 3327 maxime
611 3261 815 3327 confirmatur
840 3282 881 3323 ex
908 3257 1024 3322 caudis.
1070 3255 1108 3341 (²)
1135 3253 1200 3321 Hae
1223 3257 1273 3321 vel
1299 3278 1339 3321 ex
1361 3256 1534 3323 reflexione

231 3370 310 3435 lumi
332 3371 432 3456 sparsi
453 3393 511 3455 per
532 3370 660 3450 aethera,
680 3370 731 3435 vel
744 3392 787 3434 ex
804 3369 875 3435 luce
890 3366 999 3452 capitis
1014 3366 1168 3433 oriuntur.
1214 3365 1324 3431 Priore
1339 3388 1412 3432 casu
1426 3368 1534 3431 minu·

233 3480 315 3545 enda
328 3492 377 3545 cst
390 3480 538 3547 distanm
551 3494 757 3561 cometarum,
778 3503 820 3545 ne
841 3478 944 3545 fumus
960 3502 981 3542 a
995 3478 1095 3563 capite
1110 3496 1233 3561 semper
1247 3490 1335 3541 ortus
1359 3499 1417 3562 per
1430 3480 1535 3563 spatia

230 3592 324 3655 nimis
348 3590 453 3676 ampla
475 3593 651 3657 incredibili
674 3602 748 3657 tum
772 3593 938 3658 velocitate
963 3604 995 3656 et
1023 3591 1217 3677 expansione
1241 3604 1444 3677 propagetur.
1491 3589 1533 3652 In

231 3698 407 3783 posteriore
421 3699 586 3763 referenda
599 3712 648 3764 ert
661 3701 717 3765 lux
730 3702 833 3765 omnia
847 3714 912 3765 tam
928 3698 1038 3765 caudae
1056 3696 1150 3785 quim
1164 3696 1306 3782 capillitii
1327 3696 1370 3763 ad
1382 3696 1534 3761 nucleum

231 3806 351 3892 capitis.
397 3805 500 3893 Igitur
520 3808 548 3871 si
568 3808 780 3894 concipiamus
802 3808 905 3873 luceru
926 3806 1009 3871 hauc
1027 3826 1154 3872 omnem
1181 3804 1365 3891 congregari
1392 3814 1421 3887 et
1447 3804 1534 3869 intra

231 3915 353 3981 diacum
375 3916 480 3979 nuclei
502 3919 664 3995 coarctari,
690 3916 820 3982 nucleus
846 3917 899 3981 ille
918 3919 987 4003 jam
1008 3929 1101 3994 certe,
1126 3916 1255 4001 quoties
1271 3913 1403 3978 caudam
1427 3916 1532 3977 maxi-

230 4046 316 4088 mam
337 4036 369 4089 et
389 4023 648 4111 fulgentissimam
668 4027 790 4106 emittit,
807 4027 849 4114 (Ι)
870 4028 985 4093 ,lovem
1005 4028 1108 4111 ipsum
1129 4025 1297 4110 splendore
1316 4046 1375 4089 suo
1395 4024 1531 4088 multum

263 4189 300 4254 (f)
317 4194 331 4223 ⁶
352 4193 401 4240 Hae
419 4194 454 4240 oei
471 4208 498 4240 ea
515 4194 637 4259 restes-ioue
645 4194 718 4261 sumi
735 4196 817 4257 sparci,
836 4202 864 4243 ut
897 4190 1061 4251 manuum,
1079 4192 1177 4241 cedebat
1191 4192 1255 4251 lori,
1273 4190 1379 4255 adeoque
1392 4188 1440 4239 Soli
1456 4190 1533 4255 longi

545 4275 550 4287 ¹
748 4320 779 4369 ι
896 4321 1532 4375 t„

230 4320 717 4433 obieivatidbib'dsqddirirnipainlibbimiidi
737 4386 762 4433 in
784 4338 865 4448 diiii
897 4338 1004 4447 spbardlt
1018 4340 1115 4435 Cissino
1126 4337 1328 4447 diriclescopium
1340 4334 1442 4459 peluis.
1456 4382 1532 4444 pauld

231 4446 327 4495 culode
339 4448 427 4495 Mundi
441 4450 577 4511 Syctcmate.
614 4450 712 4497 Cometa
722 4450 779 4497 anui
793 4456 860 4500 1679.
896 4450 972 4497 minor
991 4450 1061 4513 globo
1082 4450 1184 4497 Saturni.
1240 4448 1288 4497 Die
1306 4454 1328 4495 8.
1342 4462 1429 4495 mensis
1447 4448 1529 4511 liujus,

232 4510 371 4567 Decembris
392 4514 866 4577 tr.ar15.crttoveteri,quorempore
899 4524 1002 4575 tempore
1018 4514 1141 4571 matutino,
1158 4512 1214 4561 vidit
1231 4512 1342 4560 Halieius
1358 4511 1456 4559 caudam
1475 4526 1532 4573 per-

232 4576 332 4623 mudam
342 4575 493 4623 clarissimam
505 4576 626 4624 emittebat
636 4588 660 4623 et
670 4576 718 4625 luci
734 4578 866 4625 multorum
899 4580 991 4625 brevem
999 4578 1108 4641 etjatam,
1117 4578 1212 4641 etquasi
1220 4592 1248 4623 ex
1258 4590 1353 4637 corpore
1363 4576 1422 4623 Solis
1429 4576 1532 4639 jamjam

231 4638 329 4690 Jovium
347 4655 387 4699 per
402 4648 495 4687 tantum
510 4640 611 4701 spatium
623 4641 714 4688 diffusae
725 4657 753 4689 ac
763 4641 866 4689 dilatata
898 4642 979 4689 orituri
996 4652 1128 4699 exeuntem
1145 4642 1174 4689 ad
1191 4642 1263 4688 instar
1274 4640 1344 4689 uubis
1358 4639 1452 4687 insolito
1462 4654 1532 4689 more

231 4718 280 4750 non
291 4704 411 4764 imperem,
420 4703 582 4767 maguitudino
592 4705 679 4768 nuclei,
697 4715 724 4753 ut
731 4708 867 4755 observabat
898 4704 1018 4770 fulgentia,
1034 4718 1078 4753 uec
1094 4705 1161 4767 prius
1170 4704 1325 4767 dblumntem
1336 4704 1407 4770 quim
1421 4704 1462 4752 Sol
1477 4704 1531 4766 ipse
