3284 5517
493 482 503 493 ι
533 430 616 498 ἘΤ
639 432 893 500 REFLUXUS
916 433 1077 503 MARIS
1377 446 1452 502 '211

685 680 870 757 suono
895 682 947 758 11.

600 814 603 823 Ι
690 878 942 946 PRINCIPIA.

174 1056 177 1065 ¹
216 1058 436 1125 Plraeuoureuis
451 1076 545 1127 aestus
558 1062 652 1127 maris
667 1063 888 1151 insignioribus
901 1068 1038 1133 breviter
1051 1068 1220 1145 recensitis,
1235 1070 1455 1157 progredimur
1501 1076 1505 1091 '

169 1160 212 1226 ad
233 1169 396 1253 principis,
418 1169 502 1235 unde
515 1170 631 1235 horum
645 1172 724 1237 ratio
739 1188 786 1239 est
800 1175 969 1241 reddenda
1014 1177 1125 1241 Liceat
1139 1189 1244 1242 tamen
1257 1179 1382 1263 praefari
1395 1202 1454 1245 no-

170 1274 351 1340 bilissimam
367 1278 502 1364 quidem,
519 1280 573 1343 sed
588 1279 680 1344 simul
694 1282 907 1350 difficillimam
922 1310 990 1352 esse
1003 1286 1086 1351 hauc
1099 1287 1308 1374 philosophie
1320 1302 1453 1374 partem,

171 1406 241 1469 quae
254 1384 533 1470 phaenomenorum
550 1412 657 1453 causas
672 1392 838 1481 investigat
850 1406 882 1459 et
901 1395 1046 1480 explicat
1090 1396 1140 1461 Ea
1153 1410 1200 1463 est
1213 1410 1335 1463 namrae
1356 1400 1454 1469 subti-

168 1492 249 1572 litas,
265 1506 300 1559 ut
314 1518 380 1559 non
391 1497 431 1559 sit
441 1497 555 1561 mirum
567 1520 674 1563 causas
688 1500 862 1584 primarias,
874 1502 1031 1568 solertium
1044 1499 1303 1590 philosophorum
1317 1507 1454 1592 plerum-

170 1622 231 1686 que
254 1600 400 1689 effugere.
448 1603 513 1678 Qui
537 1605 676 1669 omnium
700 1605 980 1691 phaenomenorum
1005 1612 1152 1689 rationes,
1178 1634 1346 1699 exponere,
1372 1616 1452 1679 inte·

168 1729 321 1797 gramque
347 1732 510 1775 causarum
534 1714 645 1777 seriem
669 1714 760 1779 nobis
785 1716 935 1783 exhibere
956 1719 990 1783 iu
1011 1742 1045 1785 se
1067 1736 1281 1806 susceperuut,
1307 1722 1354 1789 illi
1370 1724 1454 1789 certe

169 1818 291 1905 magnis
305 1819 369 1881 suis
383 1820 467 1883 ausis
486 1819 648 1909 hucusque
662 1823 854 1888 exciderunt
900 1826 1135 1911 Philosophiam
1149 1827 1276 1914 quidem
1293 1829 1453 1913 perfectis·

170 1927 280 1990 simum
294 1928 354 1991 viri
375 1928 536 2013 clarissimi
558 1930 616 1993 sibi
637 1945 869 2015 proposuerunt
883 1933 1113 2011 exstruendam,
1129 1934 1254 2019 qualem
1267 1948 1373 1999 tamen
1393 1936 1453 2001 hu-

168 2058 270 2098 manae
286 2036 362 2099 sorti
378 2048 554 2121 competere
567 2036 613 2101 fas
628 2048 675 2101 est
689 2038 841 2104 dubitare.
887 2039 1021 2105 Prmsmt
1033 2040 1129 2127 igitur
1142 2052 1300 2105 tantorum
1315 2044 1454 2109 virorum

99 2182 101 2185 .
171 2164 316 2207 successu
329 2141 433 2207 mimis
448 2142 530 2207 felici
552 2144 689 2223 edoctos,
711 2146 809 2231 ipsius
823 2159 945 2211 naturae
958 2148 1088 2235 vestigia
1101 2147 1190 2213 caute
1205 2161 1237 2213 et
1256 2149 1339 2214 lente
1355 2151 1452 2237 sequi.

170 2249 267 2326 Quod
291 2250 317 2313 si
337 2249 545 2335 phoenomena
559 2250 599 2313 ed
614 2251 771 2339 generalia
785 2254 931 2339 quasdam
948 2254 1102 2338 principia
1116 2255 1266 2319 reducem
1285 2257 1451 2341 possimus,

168 2356 345 2441 horumque
365 2356 446 2419 vires
467 2355 586 2419 calculo
608 2357 769 2442 subjicere,
790 2358 878 2423 hisce
897 2360 1046 2446 gradibus
1061 2359 1196 2447 aliquam
1211 2382 1293 2423 verse
1314 2343 1453 2445 philoso-

168 2464 398 2550 pbiae'partem
423 2488 640 2551 assequemur3
667 2488 738 2551 quoe
764 2467 889 2553 quidem
910 2490 1023 2533 manea
1046 2490 1102 2532 seu
1126 2467 1308 2553 imperfecta
1332 2470 1401 2547 erit,
1426 2472 1453 2536 si

169 2575 308 2658 ipsorum
329 2573 556 2659 principiorum
578 2595 679 2638 causae
700 2574 835 2653 lateant3
864 2586 952 2639 tauta
971 2587 1078 2640 tamen
1098 2575 1179 2639 inest
1200 2597 1305 2638 rerum
1330 2587 1452 2641 naturae

169 2694 324 2759 venustus,
348 2694 383 2747 ut
403 2702 534 2766 estpars
556 2678 649 2768 longe
671 2695 798 2767 praestet
819 2681 1025 2748 subtilissimis
1046 2683 1184 2747 virorum
1203 2680 1453 2749 acutissimorum

170 2791 361 2858 commentis.

214 2898 324 2963 Motus
339 2899 434 2963 maris
449 2898 545 2963 crrivis
560 2897 609 2963 vel
624 2888 732 2963 leviter
745 2896 951 2985 perpendenti
959 2898 1163 2967 'manifestum
1177 2911 1225 2964 est
1242 2900 1451 2980 luminarium,

169 3002 270 3073 Lunae
284 3004 468 3089 praesertim,
490 2986 626 3068 motibus
641 3006 749 3069 affines
764 3028 832 3070 esse
846 3020 878 3071 et
899 3008 1056 3095 snalogos.
1100 3006 1222 3071 Eadem
1237 3019 1285 3071 est
1304 3008 1452 3092 periodus

167 3112 272 3179 motuis
287 3112 381 3177 maris
396 3112 502 3177 diurni
516 3136 553 3177 ac
576 3112 677 3179 Lunae
693 3112 732 3177 ad
746 3114 952 3179 meridianum
967 3116 1038 3194 loci,
1062 3116 1171 3180 eadem
1184 3114 1291 3179 motuis
1302 3116 1454 3179 menstrui

168 3241 205 3283 ac
226 3220 328 3283 Lunae
350 3218 390 3283 sd
416 3218 539 3295 Solem3
562 3218 723 3305 utriusque
744 3218 906 3285 luminaris
927 3220 974 3284 vis
995 3220 1029 3285 in
1050 3234 1138 3285 motu
1157 3222 1251 3285 maris
1273 3220 1453 3307 generando

166 3324 241 3389 hinc
262 3326 373 3403 elucet,
397 3324 482 3412 qudd
504 3337 598 3389 aestus
614 3325 676 3389 sint
690 3328 822 3410 majores
838 3326 901 3413 qub
923 3329 1059 3393 minores
1081 3328 1242 3414 utriusque
1256 3328 1412 3393 distantiae
1433 3352 1453 3393 a

169 3430 289 3509 Terra;
312 3430 391 3496 adel)
413 3444 449 3496 ut
469 3430 574 3495 nullus
595 3430 635 3495 sit
657 3430 821 3495 dubitandi
843 3433 941 3510 locus,
961 3422 1081 3498 motum
1094 3434 1189 3497 muris
1204 3456 1271 3498 esse
1286 3433 1387 3519 aliqud
1402 3456 1452 3497 ra·
1574 3519 1577 3527 Ι

167 3536 253 3601 tione
268 3536 309 3601 ad
323 3550 441 3601 motum
458 3538 561 3602 Lunoe
577 3548 608 3601 et
624 3536 705 3602 Solis
721 3537 938 3623 compositum.
976 3537 1095 3615 Quales
1111 3552 1215 3603 autem
1230 3538 1368 3613 dicemus
1383 3539 1451 3604 illus

167 3665 235 3709 esse
256 3644 336 3708 vires
351 3666 422 3729 quae
443 3666 462 3707 a
485 3644 578 3709 Luna
601 3656 634 3708 et
649 3643 723 3709 Sole
742 3656 926 3731 propagatae
947 3648 1014 3730 (aut
1027 3644 1068 3709 ab
1081 3644 1131 3709 his
1145 3646 1252 3733 aliquo
1264 3646 1360 3708 modo
1373 3668 1450 3730 pen-

165 3753 288 3833 dentes)
304 3774 416 3839 aquam
437 3750 486 3815 bis
502 3750 631 3839 singulis
650 3752 760 3815 diebus
783 3750 896 3816 tollunt
910 3764 942 3815 et
955 3752 1151 3838 deprimunt3
1174 3774 1246 3838 quae
1266 3752 1300 3815 in
1318 3751 1451 3839 syzygiis
1527 3781 1530 3800 ι

166 3858 367 3922 luminarium
381 3857 569 3942 conspirant,
586 3856 782 3943 quadraturis
796 3870 939 3943 pugnant
947 3880 956 3932 ;
978 3858 1012 3919 in
1025 3856 1198 3921 minoribus
1212 3857 1372 3943 utriusque
1386 3857 1451 3920 dis-

165 3968 271 4033 tantiis
286 3979 450 4054 augentur,
472 3966 506 4029 in
524 3966 692 4050 majoribus
706 3964 907 4041 minuuntur3
930 3986 1000 4051 quae
1013 3966 1048 4029 in
1061 3960 1174 4028 minori
1195 3964 1299 4028 Lunae
1313 3964 1450 4029 declina·

165 4074 251 4139 tione
265 4073 418 4151 fortiores,
433 4072 466 4135 in
481 4072 591 4158 majori
606 4070 772 4137 debiliores
784 4082 873 4148 sunt3
889 4084 921 4135 et
934 4093 1159 4157 nonnunquam
1169 4073 1318 4156 majorem
1329 4084 1449 4135 motum

72 4212 75 4219 ·
166 4186 249 4249 cient
263 4182 334 4249 crim
351 4183 406 4249 Sol
420 4194 452 4248 et
467 4182 560 4246 Luna
572 4181 653 4245 infra
666 4180 860 4245 horizontem
871 4180 1096 4265 deprimuntur,
1112 4177 1206 4265 quim
1221 4177 1294 4243 culm
1308 4180 1342 4241 iu
1356 4180 1450 4242 meri·

166 4291 261 4357 diano
276 4292 428 4377 superiori
450 4292 544 4355 ambo
565 4291 773 4355 dominentur.
821 4290 962 4354 Fuerunt
975 4289 1034 4353 viri
1055 4288 1250 4353 celeberrimi
1263 4288 1318 4376 qui
1337 4301 1450 4353 asum

27 4436 38 4452 =
165 4402 260 4464 maris
281 4399 443 4484 pressione
458 4396 594 4484 quidam
615 4392 720 4461 Lumo
740 4395 815 4463 cieri
837 4407 996 4480 putarunt.
1042 4392 1162 4458 Verum
1176 4416 1301 4458 causam
1315 4407 1347 4459 et
1360 4416 1449 4459 meu·

166 4528 271 4571 suram
285 4506 377 4592 hujus
390 4504 562 4591 pressionis
577 4525 641 4566 non
655 4502 869 4580 ostenderunt,
883 4524 943 4567 uec
958 4523 1020 4588 quo
1034 4513 1127 4586 pacto
1140 4514 1244 4565 motus
1257 4500 1353 4563 maris
1369 4500 1449 4565 rarii

150 4610 239 4677 bino
261 4612 335 4676 oriri
357 4612 478 4695 possint
499 4610 571 4673 satis
593 4608 675 4673 clard
696 4608 884 4685 indicarunt,
906 4606 1008 4671 multb
1028 4604 1132 4673 mimis
1153 4619 1257 4671 motus
1278 4606 1348 4670 illos
1374 4606 1449 4690 (boc

150 4718 319 4805 ¹principio
333 4716 449 4802 posito)
464 4715 505 4781 ad
520 4712 673 4780 oalcrtlum
687 4735 836 4778 revocare
849 4712 1035 4777 docueruut.
1057 4791 1062 4800 Ι

783 4818 808 4875 Q
818 4824 834 4866 4
