3284 5517
281 363 343 420 318
534 357 801 435 lNQUISITIO
825 359 1029 426 PHYSlCA
1053 359 1104 424 IN
1126 359 1322 428 CAUSAM

277 528 318 592 ab
339 526 377 592 iis
390 529 445 614 qui
460 529 548 616 sequi
562 529 713 596 deberent
721 555 732 608 ς
754 553 796 596 ex
809 553 875 619 quo
890 531 1089 599 manifestum
1103 546 1230 600 estnon
1244 534 1314 600 illos
1328 547 1431 614 aestus,
1452 535 1501 621 qui
1520 534 1547 598 in

277 637 353 721 ipsis
373 638 507 725 syzygiis
528 637 729 704 luminarium
751 641 948 728 contingunt,
971 663 1039 706 esse
1061 644 1224 722 maximos,
1248 643 1304 708 sed
1318 656 1479 728 sequentes
1492 665 1549 708 esse

277 749 420 832 nrajores.
466 749 604 836 Hocque
617 750 702 815 idem
715 749 954 839 intelligendum
969 765 1017 815 est
1027 752 1067 816 de
1082 754 1209 818 aestibus
1224 751 1368 830 minimis,
1384 754 1436 838 qui
1449 753 1548 834 nonin

276 857 361 942 ipsas
381 857 586 943 quadraturas
607 860 760 939 incidunt,
783 860 840 924 sed
854 858 973 926 tardiuis
989 876 1177 948 sequuntur:
1201 859 1285 925 unde
1299 861 1379 924 ratio
1391 861 1548 924 luculenter

276 969 474 1052 perspicitur,
497 991 554 1034 cur
568 983 662 1034 aestus
676 968 742 1035 tdm
756 972 886 1036 maximi
905 971 1001 1058 quuim
1015 973 1136 1038 minimi
1150 995 1214 1038 non
1236 973 1312 1057 ipsis
1326 972 1511 1059 syzygiarum
1522 983 1549 1036 et

276 1077 538 1162 quadmturarum
558 1081 793 1164 tempestatibus
814 1078 1035 1164 respondeant,
1059 1082 1114 1146 sed
1133 1079 1232 1146 serius
1247 1080 1456 1154 observentur,
1477 1080 1547 1142 tertii

277 1186 397 1250 scilicet
411 1185 539 1252 demum
553 1186 602 1252 vel
616 1177 717 1274 quarti
728 1200 805 1273 post
817 1188 887 1252 hoec
902 1200 1051 1272 tempora.

839 1465 1004 1488 mm

672 1673 847 1749 CAPUT
873 1671 1160 1748 SEPTIMUM.

299 1876 304 1889 ’
328 1871 524 1966 duplicatio
535 1872 792 1966 praecipuorum
809 1873 1117 1944 Plroeuomenorum
1132 1871 1225 1944 circu
1242 1873 1383 1945 AEstum
1400 1871 1514 1945 Muris

784 1993 1050 2064 obsecuturum.
1456 2023 1458 2027 ·

274 2189 300 2266 v.
316 2193 368 2250 us.
398 2156 452 2252 Is
477 2185 727 2270 praestrenuus
754 2184 918 2270 capitibus
942 2184 1040 2250 usus
1065 2186 1267 2271 exposuimus
1292 2185 1430 2264 «sensus,
1455 2179 1548 2270 quin

275 2291 355 2355 mari
380 2314 400 2356 a
424 2291 542 2356 viribus
566 2292 628 2356 illis
653 2291 785 2369 duabus,
810 2313 943 2378 quarum
966 2292 1064 2357 altera
1086 2290 1194 2356 versuls
1218 2292 1344 2357 Lunam
1368 2305 1416 2356 est
1436 2291 1546 2360 difecit,

275 2399 374 2465 altera
394 2399 501 2466 versuls
525 2401 641 2479 Solem,
663 2401 796 2486 produci
817 2401 953 2478 debent3
976 2423 1091 2488 eosque
1106 2399 1177 2465 culm
1194 2396 1252 2486 per
1266 2401 1421 2466 calculum
1434 2393 1548 2480 analyti-

275 2530 358 2585 cum,
373 2507 441 2572 tinn
455 2528 513 2593 per
528 2507 629 2571 solida
642 2507 804 2572 ratiocinia
817 2509 862 2572 ita
876 2508 1158 2584 determinavimus,
1175 2519 1210 2572 ut
1224 2507 1265 2571 dc
1279 2529 1389 2572 corum
1403 2497 1548 2570 existendi

275 2613 413 2679 dubitari
433 2615 563 2679 omnino
583 2635 649 2678 non
669 2614 771 2691 liceat,
795 2614 822 2676 si
843 2613 970 2700 quidem
991 2613 1054 2676 illoe
1075 2615 1155 2678 vires
1174 2613 1388 2680 admittantur.
1433 2615 1475 2676 At
1486 2605 1548 2672 venl

275 2722 349 2786 istas
364 2721 446 2786 vires
460 2723 494 2785 iu
508 2721 628 2786 mundo
639 2723 773 2786 existere
784 2743 848 2786 non
860 2721 961 2786 solum
974 2743 1033 2807 per
1043 2721 1104 2785 alia
1117 2721 1326 2807 phaeuoruena
1338 2714 1547 2789 evidentissimi

274 2831 486 2916 probavimus,
509 2831 565 2896 sed
587 2831 681 2896 ctiam
703 2853 810 2896 earum
832 2837 957 2897 &sam
977 2831 1137 2918 physicam
1159 2833 1393 2921 assignavimus,
1416 2829 1546 2921 quanin

275 2940 357 3005 binis
372 2943 551 3034 vorticibus,
575 2965 708 3030 quorum
723 2942 802 3008 alter
815 2943 899 3008 circa
915 2942 1030 3022 Solem,
1047 2943 1125 3007 alter
1138 2943 1221 3008 circa
1237 2942 1364 3008 Lunam
1385 2944 1424 3008 sit
1447 2937 1546 3005 consti·

273 3065 370 3131 tutus,
393 3055 564 3138 posuimus,
588 3056 706 3141 quippe
726 3077 798 3141 quae
819 3068 867 3120 est
888 3054 981 3118 unica
1001 3055 1081 3118 ratio
1096 3052 1168 3118 cium
1189 3055 1375 3141 gravitatem
1389 3050 1545 3118 tumetium

276 3159 368 3239 vires,
393 3161 506 3247 quibus
527 3161 663 3246 planetae
678 3162 711 3224 in
726 3162 788 3226 suis
803 3161 912 3226 orbitis
927 3161 1009 3225 circa
1025 3161 1131 3227 Solem
1145 3161 1355 3240 continentur,
1380 3155 1547 3246 explicandi.

274 3267 363 3342 Quin
377 3268 471 3331 etiarn
484 3267 554 3332 haec
568 3267 636 3351 ipsa
649 3268 858 3351 phaenomena
878 3267 1032 3332 internam
1047 3269 1203 3332 vorticum
1217 3279 1406 3334 structuram
1420 3280 1453 3331 et
1470 3263 1547 3328 indo·

273 3374 336 3438 lem
352 3388 662 3458 commonstrarunt;‚
677 3376 719 3440 ob
734 3397 832 3462 eaque
846 3377 980 3440 vortices
993 3375 1038 3438 itu
1052 3387 1248 3459 comparatos
1259 3397 1329 3439 esse
1344 3375 1507 3448 statuimus,
1517 3379 1546 3431 ut

274 3485 356 3549 vires
378 3486 562 3574 centrifugae
585 3485 768 3549 decrescant
791 3487 824 3548 in
847 3483 1005 3569 duplicatd
1029 3484 1150 3548 ratione
1173 3483 1390 3548 distantiarum
1411 3505 1430 3548 a
1449 3475 1547 3544 centris

275 3595 469 3661 eorumdem.
514 3595 623 3672 Quare
647 3595 719 3661 cuim
745 3597 778 3659 in
802 3595 853 3659 his
873 3596 990 3660 viribus
1010 3595 1089 3659 nihil
1114 3594 1252 3683 gratuitd
1271 3583 1547 3666 assumserimussl

252 3747 257 3756 ·
274 3699 402 3767 effectum
417 3723 457 3767 ex
472 3703 509 3766 iis
524 3703 649 3767 oriundi
660 3725 733 3768 cum
747 3702 964 3788 phaenomenis
977 3703 1070 3767 aestta
1081 3703 1176 3766 maris
1188 3703 1385 3780 conveniant,
1397 3687 1547 3766 certissimi

273 3809 568 3894 nobis'persnadere
580 3810 761 3894 poterimus,
785 3809 818 3873 in
838 3809 1001 3897 assignatis
1017 3809 1135 3874 viribus
1150 3829 1255 3874 vcrarn
1270 3808 1367 3874 oestbs
1381 3805 1472 3872 maris
1485 3819 1547 3866 cau·

235 3989 240 3998 ¹
274 3937 342 3982 sam
363 3917 533 3993 contineri3
555 3917 770 4003 absonumque
791 3915 921 3981 omninb
942 3915 1019 3993 sore,
1042 3915 1069 3980 si
1090 3937 1215 3980 causam
1231 3914 1325 3979 oestlvs
1339 3915 1433 3980 maris
1447 3913 1477 3974 in
1491 3905 1548 3974 aliis

272 4025 390 4089 viribus
404 4024 595 4111 bnagiruriis
610 4025 775 4110 anquirere
795 4023 954 4088 vellemus.
1000 4021 1216 4099 Quamobrem
1233 4024 1267 4085 in
1281 4021 1343 4087 hoc
1360 4021 1469 4106 Capite
1481 4033 1546 4080 con·

274 4135 429 4198 stituimus
444 4155 552 4199 omnes
568 4133 705 4211 effectus,
721 4133 774 4219 qui
789 4133 823 4195 in
838 4133 1050 4217 superioribus
1060 4131 1225 4217 Capitibus
1240 4131 1371 4216 sparsim
1386 4140 1456 4194 sunt
1469 4119 1547 4196 erutis

275 4244 463 4328 conjunctim
479 4256 512 4307 et
525 4243 636 4307 ordine
654 4263 843 4328 proponere,
866 4263 1084 4328 summumque
1098 4263 1208 4307 corum
1223 4263 1409 4306 consensum
1423 4257 1489 4302 cum
1503 4251 1549 4298 ex·

188 4431 192 4440 .
274 4351 425 4434 perientid
440 4351 608 4417 declarare.
654 4349 811 4426 Quoniam
830 4362 933 4415 autem
948 4350 1090 4416 nondum
1104 4351 1398 4436 impedimentomm
1413 4372 1433 4413 a
1450 4339 1548 4410 littori·

273 4457 335 4522 bus
347 4458 518 4546 Terrisque
532 4459 738 4524 oriundorum
751 4459 904 4525 rationem
920 4459 1095 4538 habuimus,
1106 4459 1196 4524 facilis
1212 4460 1404 4548 intelligitur,
1420 4457 1489 4520 binc
1502 4471 1548 4514 ex·

276 4565 360 4629 cludi
376 4567 480 4631 adhuc
496 4569 610 4633 debere
625 4569 778 4654 ejusmodi
800 4569 971 4634 anomaliae
985 4571 1079 4635 aestus
1094 4573 1199 4649 meris,
1215 4593 1286 4658 quae
1301 4561 1520 4637 evidentissimi
1533 4581 1549 4620 u
1609 4641 1610 4647 ἵ

274 4675 385 4740 'lenis
400 4678 653 4765 contingentibus
667 4693 771 4744 ortum
784 4679 931 4758 habeant,
948 4677 1121 4768 cujusmodi
1136 4695 1209 4748 sunt
1223 4695 1318 4748 aestuts
1333 4682 1384 4748 vel
1398 4679 1548 4745 veliemen-
