3284 5517
168 407 232 466 966
415 396 685 476 lNQUlSlTIO
707 393 914 462 PHYSIGA
936 393 986 459 IN
1011 389 1206 458 CAUSAM

168 621 341 685 maximum
354 617 430 684 verb
448 618 674 682 incrementum
693 645 729 670 =
745 581 916 740 ᾖὲῶὸς
948 613 1032 678 unde
1054 587 1202 676 numerus
1225 612 1456 678 oscillationum

90 824 94 830 ·
168 789 309 876 ejusdem
328 785 458 872 penduli
479 786 591 851 eodem
612 798 754 870 tempore
770 782 943 860 editarum,
970 781 1024 848 illo
1049 805 1124 848 cusu
1149 783 1209 846 erit
1234 793 1270 846 ut
1298 782 1330 844 a!
1358 785 1388 866 (1
1412 817 1456 832 -

233 907 248 961 l
574 904 589 958 l
1213 899 1225 954 1

168 935 1455 1066 mnam-Whocverdcasuutt‘(l·l·-550-60-b-0)seul·l·
1527 933 1530 940 ’

169 1115 352 1217 ——l--.
396 1149 529 1215 Numeri
550 1173 626 1238 ergo
647 1149 877 1215 oscillationum
897 1147 937 1213 ab
957 1145 1067 1212 eodem
1083 1143 1222 1231 pendulo
1242 1146 1353 1209 eodem
1374 1157 1452 1210 tem-

170 1209 340 1273 14000000

165 1331 244 1394 pore
257 1314 482 1396 absolutarum,
499 1317 572 1382 crim
585 1316 721 1404 gravitas
734 1315 872 1381 maxime
886 1327 934 1380 est
947 1314 1109 1392 diminute,
1125 1327 1156 1378 et
1170 1312 1242 1380 crim
1256 1311 1391 1380 maxime
1407 1325 1453 1378 est

168 1433 271 1498 aucta,
288 1425 439 1490 tenebunt
454 1424 606 1489 rationem
619 1434 656 1488 ut
671 1431 840 1490 19999998
856 1422 897 1488 ad
914 1429 1093 1499 14000001‚
1116 1421 1178 1484 hoc
1191 1431 1240 1484 cst
1251 1432 1289 1483 ut
1300 1429 1451 1487 4666666

166 1529 209 1594 ad
230 1537 393 1608 4666667,
417 1555 458 1596 ex
480 1553 543 1616 quo
564 1531 638 1596 satis
657 1530 845 1615 perspicitur
863 1527 1073 1594 differentiam
1092 1526 1175 1590 banc
1189 1524 1315 1590 miuimd
1333 1527 1451 1612 percipi

165 1660 267 1723 posse.
313 1640 429 1705 Similis
450 1652 555 1704 autem
576 1637 705 1702 omnind
724 1651 772 1704 est
785 1639 872 1702 ratio
881 1637 1008 1704 alterius
1022 1637 1222 1722 pbaenomeni
1236 1636 1450 1700 declinationis

166 1745 283 1812 scilicet
296 1771 316 1811 a
329 1748 391 1812 situ
405 1747 543 1812 verticuli
557 1757 748 1832 comparata,
761 1763 832 1835 que
847 1767 1007 1834 nunquam
1022 1747 1063 1810 ad
1078 1747 1127 1812 5‘'‘
1141 1767 1310 1832 exsurgere
1322 1760 1434 1830 potest.

729 2015 894 2036 mm

574 2211 749 2290 carus
775 2177 1034 2336 Tannum

189 2413 252 2486 Dc
266 2412 416 2508 Frgurd,
437 2433 539 2510 quom
553 2411 645 2484 uires
659 2407 734 2482 crim
750 2410 850 2495 Solis,
874 2405 947 2482 talm
963 2409 1088 2495 Lurroe,
1119 2411 1242 2484 Terre
1263 2410 1424 2484 inducere

716 2537 894 2602 conantur.

161 2749 186 2825 §.
204 2752 256 2807 91.
280 2711 381 2810 Cura
401 2747 497 2834 igitur
516 2747 549 2810 in
566 2747 677 2832 Capite
697 2733 902 2833 praecedente
913 2745 995 2810 vires
1009 2755 1073 2808 tarn
1088 2767 1108 2809 a
1124 2743 1197 2812 Sole
1211 2743 1305 2832 quaim
1319 2769 1339 2809 a
1354 2746 1447 2812 Lunai

161 2853 311 2917 oriundas
335 2855 651 2937 determinaverimus,
677 2857 789 2944 quibus
814 2855 945 2944 singulae
970 2853 1081 2920 Terrae
1105 2855 1267 2939 particulae
1291 2855 1331 2918 ad
1353 2857 1447 2920 situm

160 2959 323 3025 relativum
338 2962 410 3026 crim
425 2965 505 3029 inter
519 2987 553 3029 se
567 2964 635 3030 tirm
648 2977 791 3049 respectu
807 2964 915 3041 centri,
937 2961 1022 3050 quod
1036 2963 1069 3025 in
1083 2961 1145 3026 hoc
1159 2962 1285 3048 negotio
1300 2973 1447 3046 tanquam
1499 3023 1509 3038 ,

161 3070 323 3155 quiescens
344 3072 568 3151 consideratur,
592 3070 821 3136 immutandum
845 3071 1068 3145 sollicitantur3
1098 3067 1177 3132 ordo
1203 3067 1383 3154 requireret,
1411 3079 1446 3132 ut

155 3175 223 3258 jam
237 3175 271 3237 in
285 3175 388 3260 ipsum
402 3191 531 3254 motum,
549 3201 612 3264 quo
627 3179 757 3268 singulae
770 3173 932 3262 particulae
952 3177 1033 3241 inter
1047 3199 1081 3240 se
1097 3175 1285 3239 commoveri
1300 3175 1444 3249 debeant,

163 3283 400 3369 inquireremus.
447 3286 567 3350 Verum
589 3287 662 3350 crim
682 3286 753 3351 lroec
774 3276 969 3376 investigatio
985 3287 1025 3350 sit
1039 3286 1156 3350 altioris
1172 3279 1337 3372 indaginis,
1353 3299 1445 3370 atque

158 3414 238 3476 opus
254 3393 369 3459 habeat
383 3395 545 3480 principiis
560 3397 750 3460 mechanicis
764 3395 806 3461 ad
820 3408 941 3460 motum
954 3395 1091 3481 partium
1112 3394 1193 3458 inter
1207 3417 1240 3456 se
1255 3393 1445 3478 respicienti-

128 3513 134 3522 '
157 3497 227 3576 bus,
243 3499 346 3586 qualia
360 3501 413 3565 vix
429 3525 560 3589 usquam
575 3501 678 3566 adhuc
693 3505 908 3588 reperiuntur;
933 3503 967 3566 in
988 3503 1050 3567 hoc
1067 3501 1178 3588 Capite
1193 3523 1259 3565 rem
1274 3499 1444 3566 secunddm

156 3611 312 3696 principia
334 3614 443 3677 statice
463 3613 593 3679 ulterirls
614 3615 759 3701 persequi
779 3635 956 3701 perprmua
980 3635 1017 3677 ac
1038 3613 1172 3700 figuram
1192 3609 1443 3688 determinemus,

156 3740 250 3803 quam
273 3720 354 3783 vires
379 3722 460 3785 Solis
483 3736 514 3786 et
536 3723 638 3788 Lunoe
660 3723 732 3789 crlrn
755 3725 884 3788 seorsim
903 3722 969 3788 tirm
984 3723 1077 3786 etiam
1092 3723 1280 3807 conjunctim
1296 3721 1445 3785 inducere

155 3843 317 3894 conantur.
342 3831 441 3895 Hunc
450 3833 482 3894 in
491 3833 586 3897 finem
596 3832 731 3898 Terram
739 3829 948 3920 undequaque
960 3819 1088 3897 materiai
1098 3832 1193 3896 fluida
1206 3851 1260 3897 seu
1270 3831 1349 3918 aqud
1362 3833 1445 3898 cinc-

156 3945 221 3996 tam
232 3938 522 4020 contemplabimur,
536 3939 598 4024 qud
608 3940 874 4005 sollicitationibus
884 3940 1010 4005 obedire
1019 3961 1056 4004 ac
1068 3939 1201 4026 figuram
1210 3941 1247 4004 iis
1259 3941 1445 4005 convenien-

156 4055 219 4109 tem
234 4059 306 4112 actu
321 4047 452 4111 induere
467 4061 569 4134 queat
613 4050 653 4114 In
667 4050 728 4114 hoc
741 4051 859 4115 scilicet
879 4051 1006 4138 negotio
1023 4049 1129 4116 Solem
1143 4063 1175 4114 et
1190 4051 1314 4116 Lunam
1327 4051 1445 4136 pariter

154 4177 192 4218 ac
215 4155 313 4239 ipsam
336 4155 469 4220 Terram
491 4157 683 4242 quiescentes
705 4159 907 4245 concipimus,
931 4159 974 4222 itu
993 4170 1029 4224 ut
1050 4159 1131 4222 inter
1145 4181 1179 4222 se
1198 4157 1353 4242 perpetud
1368 4179 1444 4222 eun·

156 4263 231 4327 dem
245 4265 340 4328 situm
353 4265 517 4329 relativum
531 4279 725 4344 conservent,
749 4290 813 4353 quo
832 4279 925 4352 pacto
940 4265 1052 4331 Terrae
1067 4266 1107 4330 ab
1122 4265 1295 4330 actionibus
1312 4265 1393 4329 Solis
1408 4288 1445 4329 ac

155 4371 258 4435 Luuae
272 4371 375 4459 fimus
388 4394 575 4457 permanens
586 4397 662 4438 mox
676 4375 832 4454 indueurr,
846 4398 940 4462 quam
951 4375 1070 4440 tamdiu
1082 4373 1235 4451 retinebit,
1250 4372 1353 4460 quoad
1369 4375 1444 4438 item

154 4481 232 4544 situs
253 4480 399 4544 relativus
422 4479 523 4546 duret.
569 4484 775 4568 Perspicuum
794 4498 900 4548 autern
923 4496 971 4548 est
993 4484 1203 4572 cognitionem
1223 4482 1316 4568 hujus
1333 4483 1444 4570 liguroe

153 4611 270 4676 magno
287 4587 424 4653 futuram
439 4611 506 4654 csse
521 4589 701 4675 adjumento
721 4593 762 4656 ad
784 4591 922 4678 ejusdem
937 4591 1049 4678 figurae
1063 4589 1352 4656 transmutationem
1367 4587 1444 4652 defi·

154 4698 313 4776 niendam,
329 4698 356 4762 si
370 4711 435 4762 tam
452 4698 518 4763 Soli
533 4697 627 4785 qudrn
643 4700 745 4766 Lunae
759 4714 863 4767 motus
878 4700 1040 4768 tribuatur.
