3284 5517
421 295 611 367 FLUXUS
635 300 697 364 AC
721 299 976 379 REELUXUS
999 301 1157 394 Militis
1366 311 1427 367 aaa

147 467 251 548 etiarm
266 481 302 534 nt
315 493 396 558 aqua
409 471 471 535 alio
486 473 520 534 in
534 471 605 535 loeo
618 483 740 535 tanturm
755 471 902 548 elevetur,
918 473 1012 558 inque
1022 473 1084 537 alio
1094 485 1213 537 tantum
1225 470 1429 557 deprimatur,
1521 453 1526 461 ’

151 588 301 662 quantum
322 577 421 654 fleret,
444 577 471 641 si
493 577 550 640 iste
569 588 686 640 tractus
707 578 837 640 omnino
857 599 922 642 non
937 591 1017 642 esset
1030 579 1220 642 terminatus.
1266 579 1350 643 atsi
1370 579 1429 643 iste

146 693 265 746 tractus
286 694 351 746 tam
372 682 465 747 buerit
486 703 600 767 parvus
615 695 650 762 ut
663 683 794 770 singulm
815 697 919 768 partes
933 685 1105 770 equalibus
1119 683 1184 750 iere
1197 684 1314 748 viribus
1336 685 1429 748 simul

146 791 197 854 vel
221 792 402 857 attollantur
426 793 475 856 vel
500 791 724 875 deprimantur,
747 791 835 855 nulla
864 793 1016 857 sensibilia
1041 793 1172 858 mutatio
1200 793 1275 856 oriri
1302 793 1427 876 peterit

72 949 76 952 .
147 897 240 982 Aqua
261 898 343 960 enirn
365 920 429 962 uno
450 898 483 960 iu
504 897 575 960 loco
597 897 695 961 attolli
716 898 824 983 nequit
844 898 905 962 uisi
925 899 959 961 in
979 898 1041 962 alio
1061 897 1201 962 subsidat
1213 911 1246 962 et
1260 897 1378 976 contr-tl⁹
1401 899 1438 964 si¹

145 1001 272 1087 quidem
297 1003 405 1066 eadem
429 1023 519 1088 aquae
543 1003 634 1088 copia
657 1004 691 1065 in
714 1025 754 1067 eo
775 1015 877 1067 tractu
896 999 1049 1088 perpetub
1068 1015 1277 1068 conservetur.
1322 1007 1429 1091 Atque

145 1107 215 1171 boec
230 1121 277 1172 est
291 1109 371 1171 ratio
384 1121 421 1171 ut
433 1109 467 1170 in
483 1107 570 1172 Mari
586 1107 717 1184 Baltico,
735 1107 861 1191 Caspio,
879 1107 991 1194 Nigro,
1014 1107 1143 1193 aliisque
1156 1107 1328 1174 minoribus
1342 1109 1429 1174 lacu·

143 1215 204 1278 bus
218 1213 322 1276 nullus
337 1214 466 1277 omuino
479 1225 573 1276 aestus
587 1212 848 1298 deprehendatur.

93 1317 96 1321 ’
186 1327 209 1404 i.
227 1329 299 1387 119.
323 1319 421 1398 Quid
442 1321 470 1385 ai
491 1333 595 1386 autem
615 1322 790 1388 istiusmodi
810 1323 906 1386 maris
920 1335 1036 1388 tractus
1052 1333 1173 1386 tautum
1187 1322 1321 1406 spatium
1335 1344 1428 1388 occu·

142 1443 206 1514 pet,
222 1441 257 1492 ut
270 1429 352 1494 vires
367 1427 542 1492 attollentes
556 1441 589 1493 et
602 1428 811 1513 deprimentes
828 1428 861 1490 in
876 1428 1123 1492 extremitatibus
1137 1427 1326 1492 sensibiliter
1340 1428 1429 1494 diffe-
1464 1481 1469 1492 .

143 1547 225 1612 rant,
247 1547 316 1598 tum
336 1555 463 1599 necesse
485 1548 532 1599 est
552 1547 673 1599 utnon
695 1535 796 1600 solum
816 1555 899 1620 aqua
919 1535 952 1597 in
967 1534 1067 1598 altero
1080 1547 1222 1600 extremo
1237 1534 1374 1601 elevetur
1395 1539 1430 1602 in

143 1644 303 1730 alteroque
319 1643 520 1729 deprimatur,
538 1644 594 1708 sed
609 1645 703 1708 etiam
717 1658 753 1709 ut
767 1643 942 1709 differentia
955 1645 1037 1708 iuter
1050 1667 1141 1731 aquae
1155 1645 1334 1712 altitudines
1344 1658 1431 1712 tanta
1566 1654 1568 1662 ’

142 1751 191 1826 sit,
208 1759 324 1836 quanta
337 1750 371 1812 iu
387 1762 496 1836 aperto
510 1771 628 1814 oceano
641 1750 743 1814 eidem
757 1751 870 1814 virium
882 1748 1066 1814 differentiae
1077 1752 1256 1836 respondet.
1287 1753 1430 1829 Quamo-

142 1858 232 1922 brem
253 1859 378 1922 definiri
403 1859 576 1938 conveniet,
600 1871 716 1944 quanta
736 1861 769 1922 in
790 1858 920 1923 diversis
940 1859 1050 1924 Terre
1072 1859 1147 1924 lucis
1161 1861 1273 1926 eodem
1288 1873 1430 1946 tempore

141 1966 177 2029 iu
190 1964 404 2029 altitudinibus
418 1987 508 2052 aquoe
522 1989 541 2028 a
556 1965 672 2028 uiribus
684 1964 786 2028 Lume
799 1987 838 2028 ac
854 1964 934 2030 Sulis
956 1965 1088 2048 produci
1104 1979 1206 2050 queat.
1252 1967 1303 2032 Ne
1322 1981 1430 2034 eutem

142 2071 279 2136 calculus
300 2071 435 2152 nimium
454 2072 509 2134 fiat
529 2071 682 2155 prolixus,
705 2070 804 2134 solam
825 2071 926 2135 Lunae
940 2071 1004 2133 vim
1022 2071 1056 2133 in
1071 2085 1254 2156 computum
1267 2072 1427 2152 ducemus,

142 2183 259 2269 quippe
274 2201 347 2267 quae
359 2181 424 2243 vim
441 2180 522 2244 Solis
535 2179 669 2243 multum
683 2179 825 2255 excedit3
851 2193 883 2242 et
897 2181 1045 2264 quoniam
1059 2179 1172 2244 effectu
1188 2179 1291 2244 Luuoe
1305 2184 1430 2269 cognito

142 2291 234 2356 facile
248 2302 295 2355 est
311 2291 393 2354 Sulis
407 2289 551 2352 effectm
565 2290 749 2352 aestimaudo
764 2289 813 2352 vel
829 2289 962 2375 adjicere
977 2289 1026 2353 vel
1040 2289 1171 2358 anferre.
1214 2291 1431 2378 Repraesentet

143 2421 220 2486 ergo
236 2399 305 2464 PL
319 2399 364 2483 pl
378 2398 575 2483 superficiem
589 2399 700 2463 Terrae
714 2399 803 2483 cujus
814 2397 881 2482 poli

143 2511 206 2574 siut
229 2509 304 2573 Pet
323 2531 357 2594 p,
382 2522 476 2595 atque
500 2507 585 2572 Met
604 2507 638 2571 N
658 2506 798 2572 sintduo
819 2519 881 2570 ter·

141 2617 220 2682 mini
243 2617 277 2680 in
303 2617 415 2681 eodem
438 2616 533 2680 maris
558 2628 658 2679 tractu
680 2616 817 2693 assumti,
848 2617 881 2678 in

143 2725 258 2812 quibus
288 2738 440 2812 quantum
474 2725 569 2788 maris
603 2723 736 2788 altitudo
770 2724 881 2809 quovis
941 2776 972 2820 Β
1063 2768 1067 2777 ·

142 2847 283 2919 tempore
299 2833 432 2911 differat,
456 2834 496 2898 sit
511 2833 770 2920 investigandum.
816 2833 881 2897 Re-

144 2955 314 3029 praesentet
338 2963 435 3026 porro
460 2941 520 3006 Ll
542 2940 735 3025 parallelum,
761 2941 793 3003 iu
819 2961 883 3026 quo

53 3090 62 3102 ·
144 3047 238 3112 Luna
251 3058 413 3109 moueatur
427 3045 488 3108 boc
502 3057 651 3128 tempore,
675 3045 776 3130 sitque
790 3043 883 3108 Luna

145 3155 178 3217 in
204 3154 253 3229 L;
287 3165 379 3238 atque
404 3151 558 3235 exprimet
582 3151 716 3237 angulus
742 3149 772 3213 L
796 3150 824 3214 P
845 3149 885 3215 M

10 3263 18 3274 '
145 3272 277 3344 tempus,
303 3259 389 3345 quod
413 3269 487 3342 post
509 3258 611 3323 Iaunae
635 3256 803 3320 transittnu
827 3277 884 3342 per

146 3364 350 3430 meridianum
364 3365 488 3429 termini
504 3364 544 3428 M
563 3376 610 3428 eat
628 3363 879 3449 proeterlapaum,

144 3473 277 3562 angulus
298 3471 375 3537 verb
397 3473 427 3537 L
443 3471 471 3536 P
485 3471 519 3536 N
539 3483 661 3555 tempus
682 3483 755 3555 poet
772 3473 885 3536 trand-

144 3597 211 3647 tum
234 3581 335 3647 Lunae
354 3603 413 3666 per
432 3581 638 3654 meridianum
659 3580 786 3644 alterius
806 3581 933 3644 termini
956 3581 997 3644 N.
1041 3579 1159 3649 Ductis
1185 3596 1289 3650 autem
1306 3579 1430 3647 circulis

144 3689 288 3775 maximis
303 3689 331 3753 P
348 3689 387 3754 M
401 3704 434 3754 et
449 3689 477 3753 P
493 3689 535 3767 N,
552 3689 611 3754 erit
625 3710 715 3752 arcus
731 3689 759 3753 P
778 3687 819 3752 M
833 3687 1094 3774 complementum
1108 3689 1280 3755 latitudinis
1295 3689 1359 3754 loci
1379 3687 1430 3764 M,

145 3818 236 3861 meua
252 3797 279 3861 P
294 3796 327 3860 N
340 3795 416 3861 verb
438 3796 499 3862 loci
522 3795 564 3873 N,
586 3793 720 3880 angulus
735 3792 810 3858 veni
825 3795 865 3860 M
881 3795 909 3860 P
925 3795 958 3859 N
972 3795 1060 3862 dabit
1073 3795 1280 3860 differentiam
1295 3793 1431 3880 longitu-

145 3903 227 3968 dinis
239 3901 382 3967 locorum
397 3901 436 3966 M
451 3915 483 3966 et
498 3901 531 3965 N
539 3925 549 3979 3
571 3923 642 3987 quie
656 3901 788 3985 proinde
802 3903 908 3966 omnia
921 3915 1081 3985 ponuntur
1096 3903 1232 3989 cognita.

188 4015 212 4093 ᾗ.
231 4017 302 4075 120.
325 4011 492 4075 Ducentur
508 4013 575 4095 Jam
597 4031 641 4074 ex
658 4009 730 4073 loco
750 4009 854 4073 Lunae
875 4009 905 4074 L
927 4009 967 4072 ad
989 4011 1139 4074 terminos
1163 4007 1203 4074 M
1223 4017 1258 4074 et
1278 4005 1311 4070 N
1325 4006 1432 4071 circuli

146 4119 276 4182 maximi
292 4119 322 4182 L
338 4118 378 4183 M
392 4131 424 4182 et
439 4119 523 4195 LN,
540 4116 794 4202 exhibebuntque
808 4117 860 4180 isti
876 4137 966 4180 arcus
982 4115 1209 4200 complementa
1223 4112 1430 4189 altitudinum,

147 4226 259 4314 quibus
273 4225 335 4290 hoc
349 4238 493 4310 tempore
508 4226 601 4289 Luna
614 4227 646 4288 iu
660 4225 737 4289 locis
754 4224 793 4288 M
808 4239 840 4289 et
856 4223 887 4288 N
905 4246 1000 4309 supra
1015 4223 1208 4288 horizontem
1225 4222 1343 4287 elevata
1357 4243 1433 4285 con·

147 4333 285 4420 spicimr.
332 4332 473 4397 Ponatur
495 4333 585 4397 arctis
608 4329 689 4397 PL
703 4333 789 4396 sinus
817 4357 848 4391 =
875 4355 905 4418 q,
930 4332 1052 4396 cosinus
1080 4357 1112 4390 =
1142 4331 1184 4409 Q,
1211 4331 1271 4394 erit
1291 4330 1324 4407 Q
1346 4326 1432 4394 sibus

149 4440 518 4507 declinationisborealia
540 4440 651 4517 Lunae,
674 4441 702 4505 ai
723 4441 849 4528 quidem
870 4440 904 4517 Q
924 4440 1039 4506 hebeat
1052 4440 1189 4505 valorem
1204 4441 1431 4516 affirmativum,

149 4571 187 4616 ac
210 4549 237 4613 P
256 4550 365 4634 polum
388 4548 546 4613 borealem
566 4548 703 4617 denotet
746 4547 875 4614 Deinde
888 4561 1025 4632 ponatur
1039 4548 1129 4614 arcius
1145 4549 1172 4613 P
1189 4549 1228 4614 M
1244 4549 1328 4614 sinus
1348 4573 1379 4607 =
1399 4569 1432 4632 p,

185 4655 246 4704 vet.
261 4655 314 4704 111.
777 4655 827 4702 a·
1114 4653 1115 4656 ’

1143 3448 1161 3498 P
