<?xml version="1.0" encoding="UTF-8"?>
<!DOCTYPE html PUBLIC "-//W3C//DTD XHTML 1.0 Transitional//EN"
    "http://www.w3.org/TR/xhtml1/DTD/xhtml1-transitional.dtd">
<html xmlns="http://www.w3.org/1999/xhtml" xml:lang="en" lang="en">
 <head>
  <title>
</title>
<meta http-equiv="Content-Type" content="text/html;charset=utf-8" />
  <meta name='ocr-system' content='tesseract 3.04.00' />
  <meta name='ocr-capabilities' content='ocr_page ocr_carea ocr_par ocr_line ocrx_word'/>
</head>
<body>
  <div class='ocr_page' id='page_1' title='image "./philosophinatur01wriggoog_0295.png"; bbox 0 0 3284 5517; ppageno 0'>
   <div class='ocr_carea' id='block_1_1' title="bbox 173 348 1212 433">
    <p class='ocr_par' dir='ltr' id='par_1_1' title="bbox 173 348 1212 433">
     <span class='ocr_line' id='line_1_1' title="bbox 173 348 1212 433; baseline -0.007 -12"><span class='ocrx_word' id='word_1_1' title='bbox 173 365 236 423; x_wconf 71' lang='lat'><strong>252</strong></span> <span class='ocrx_word' id='word_1_2' title='bbox 423 354 690 433; x_wconf 87' lang='lat' dir='ltr'><strong>INQUISITIO</strong></span> <span class='ocrx_word' id='word_1_3' title='bbox 713 352 919 425; x_wconf 83' lang='lat' dir='ltr'>PHYSICA</span> <span class='ocrx_word' id='word_1_4' title='bbox 942 350 994 420; x_wconf 90' lang='lat' dir='ltr'><strong>IN</strong></span> <span class='ocrx_word' id='word_1_5' title='bbox 1018 348 1212 418; x_wconf 78' lang='lat' dir='ltr'>CAUSAM</span> 
     </span>
    </p>
   </div>
   <div class='ocr_carea' id='block_1_2' title="bbox 153 522 1549 4617">
    <p class='ocr_par' dir='ltr' id='par_1_2' title="bbox 169 522 1536 2888">
     <span class='ocr_line' id='line_1_2' title="bbox 169 522 1461 617; baseline -0.001 -26"><span class='ocrx_word' id='word_1_6' title='bbox 169 527 371 617; x_wconf 81' lang='lat' dir='ltr'><strong>mitigabitur.</strong></span> <span class='ocrx_word' id='word_1_7' title='bbox 418 526 612 614; x_wconf 83' lang='lat' dir='ltr'><strong>Hujusmodi</strong></span> <span class='ocrx_word' id='word_1_8' title='bbox 633 526 806 595; x_wconf 63' lang='lat' dir='ltr'><strong>scamnis</strong></span> <span class='ocrx_word' id='word_1_9' title='bbox 829 524 993 591; x_wconf 67' lang='lat' dir='ltr'><strong>mistentia</strong></span> <span class='ocrx_word' id='word_1_10' title='bbox 1014 524 1083 589; x_wconf 83' lang='lat' dir='ltr'><strong>aliis</strong></span> <span class='ocrx_word' id='word_1_11' title='bbox 1105 522 1289 601; x_wconf 88' lang='lat' dir='ltr'><strong>rationibus,</strong></span> <span class='ocrx_word' id='word_1_12' title='bbox 1312 522 1402 589; x_wconf 84' lang='lat' dir='ltr'><strong>nullo</strong></span> <span class='ocrx_word' id='word_1_13' title='bbox 1417 522 1461 600; x_wconf 84' lang='lat' dir='ltr'><strong>ad</strong></span> 
     </span>
     <span class='ocr_line' id='line_1_3' title="bbox 169 633 1461 723; baseline -0.001 -24"><span class='ocrx_word' id='word_1_14' title='bbox 169 648 282 701; x_wconf 80' lang='lat' dir='ltr'><strong>testum</strong></span> <span class='ocrx_word' id='word_1_15' title='bbox 295 636 389 699; x_wconf 84' lang='lat' dir='ltr'><strong>maris</strong></span> <span class='ocrx_word' id='word_1_16' title='bbox 403 635 511 701; x_wconf 87' lang='lat' dir='ltr'><strong>habito</strong></span> <span class='ocrx_word' id='word_1_17' title='bbox 526 648 679 723; x_wconf 86' lang='lat' dir='ltr'><strong>respectu,</strong></span> <span class='ocrx_word' id='word_1_18' title='bbox 696 635 769 701; x_wconf 89' lang='lat' dir='ltr'><strong>satis</strong></span> <span class='ocrx_word' id='word_1_19' title='bbox 784 633 869 699; x_wconf 73' lang='lat' dir='ltr'><strong>clare</strong></span> <span class='ocrx_word' id='word_1_20' title='bbox 884 635 985 699; x_wconf 82' lang='lat' dir='ltr'><strong>evmci</strong></span> <span class='ocrx_word' id='word_1_21' title='bbox 1005 645 1129 719; x_wconf 81' lang='lat' dir='ltr'><strong>potest3</strong></span> <span class='ocrx_word' id='word_1_22' title='bbox 1152 634 1226 721; x_wconf 90' lang='lat' dir='ltr'><strong>quia</strong></span> <span class='ocrx_word' id='word_1_23' title='bbox 1239 634 1324 700; x_wconf 90' lang='lat' dir='ltr'><strong>enim</strong></span> <span class='ocrx_word' id='word_1_24' title='bbox 1336 633 1461 699; x_wconf 89' lang='lat' dir='ltr'><strong>nullum</strong></span> 
     </span>
     <span class='ocr_line' id='line_1_4' title="bbox 169 741 1462 829; baseline 0 -22"><span class='ocrx_word' id='word_1_25' title='bbox 169 754 217 807; x_wconf 75' lang='lat' dir='ltr'><strong>est</strong></span> <span class='ocrx_word' id='word_1_26' title='bbox 237 741 379 821; x_wconf 89' lang='lat' dir='ltr'><strong>dubium,</strong></span> <span class='ocrx_word' id='word_1_27' title='bbox 402 742 478 827; x_wconf 88' lang='lat' dir='ltr'><strong>quin</strong></span> <span class='ocrx_word' id='word_1_28' title='bbox 500 742 594 808; x_wconf 90' lang='lat' dir='ltr'><strong>Luna</strong></span> <span class='ocrx_word' id='word_1_29' title='bbox 615 743 655 807; x_wconf 88' lang='lat' dir='ltr'><strong>ad</strong></span> <span class='ocrx_word' id='word_1_30' title='bbox 679 742 814 809; x_wconf 85' lang='lat' dir='ltr'><strong>Terram</strong></span> <span class='ocrx_word' id='word_1_31' title='bbox 836 754 1015 807; x_wconf 86' lang='lat' dir='ltr'><strong>constanter</strong></span> <span class='ocrx_word' id='word_1_32' title='bbox 1034 741 1164 821; x_wconf 86' lang='lat' dir='ltr'><strong>feratur,</strong></span> <span class='ocrx_word' id='word_1_33' title='bbox 1187 742 1229 807; x_wconf 93' lang='lat' dir='ltr'><strong>ob</strong></span> <span class='ocrx_word' id='word_1_34' title='bbox 1250 742 1462 829; x_wconf 70' lang='lat' dir='ltr'><strong>aequalitatem</strong></span> 
     </span>
     <span class='ocr_line' id='line_1_5' title="bbox 171 850 1461 938; baseline 0 -21"><span class='ocrx_word' id='word_1_35' title='bbox 171 853 301 917; x_wconf 86' lang='lat' dir='ltr'><strong>actionis</strong></span> <span class='ocrx_word' id='word_1_36' title='bbox 323 865 355 917; x_wconf 90' lang='lat' dir='ltr'><strong>et</strong></span> <span class='ocrx_word' id='word_1_37' title='bbox 376 853 540 917; x_wconf 86' lang='lat' dir='ltr'><strong>reactionis</strong></span> <span class='ocrx_word' id='word_1_38' title='bbox 563 852 697 916; x_wconf 81' lang='lat' dir='ltr'><strong>Terram</strong></span> <span class='ocrx_word' id='word_1_39' title='bbox 723 874 848 938; x_wconf 89' lang='lat' dir='ltr'><strong>quoque</strong></span> <span class='ocrx_word' id='word_1_40' title='bbox 871 850 980 915; x_wconf 82' lang='lat' dir='ltr'><strong>vernis</strong></span> <span class='ocrx_word' id='word_1_41' title='bbox 1002 852 1130 917; x_wconf 89' lang='lat' dir='ltr'><strong>Lunam</strong></span> <span class='ocrx_word' id='word_1_42' title='bbox 1154 852 1229 937; x_wconf 91' lang='lat' dir='ltr'><strong>pelli</strong></span> <span class='ocrx_word' id='word_1_43' title='bbox 1251 874 1380 917; x_wconf 84' lang='lat' dir='ltr'><strong>necesse</strong></span> <span class='ocrx_word' id='word_1_44' title='bbox 1404 864 1461 917; x_wconf 81' lang='lat' dir='ltr'><strong>est.</strong></span> 
     </span>
     <span class='ocr_line' id='line_1_6' title="bbox 172 957 1464 1045; baseline 0.002 -21"><span class='ocrx_word' id='word_1_45' title='bbox 172 960 317 1045; x_wconf 88' lang='lat' dir='ltr'><strong>Namque</strong></span> <span class='ocrx_word' id='word_1_46' title='bbox 331 960 358 1023; x_wconf 91' lang='lat' dir='ltr'><strong>si</strong></span> <span class='ocrx_word' id='word_1_47' title='bbox 371 982 524 1045; x_wconf 84' lang='lat' dir='ltr'><strong>ponamus</strong></span> <span class='ocrx_word' id='word_1_48' title='bbox 542 959 615 1025; x_wconf 88' lang='lat' dir='ltr'><strong>Sole</strong></span> <span class='ocrx_word' id='word_1_49' title='bbox 629 959 754 1044; x_wconf 87' lang='lat' dir='ltr'><strong>penitus</strong></span> <span class='ocrx_word' id='word_1_50' title='bbox 769 958 903 1037; x_wconf 85' lang='lat' dir='ltr'><strong>sublato,</strong></span> <span class='ocrx_word' id='word_1_51' title='bbox 916 959 1028 1025; x_wconf 77' lang='lat' dir='ltr'><strong>Terre</strong></span> <span class='ocrx_word' id='word_1_52' title='bbox 1043 957 1080 1023; x_wconf 86' lang='lat' dir='ltr'><strong>ac</strong></span> <span class='ocrx_word' id='word_1_53' title='bbox 1090 959 1194 1026; x_wconf 79' lang='lat' dir='ltr'><strong>Lunae</strong></span> <span class='ocrx_word' id='word_1_54' title='bbox 1204 980 1331 1023; x_wconf 87' lang='lat' dir='ltr'><strong>omnem</strong></span> <span class='ocrx_word' id='word_1_55' title='bbox 1340 970 1464 1026; x_wconf 84' lang='lat' dir='ltr'><strong>motum</strong></span> 
     </span>
     <span class='ocr_line' id='line_1_7' title="bbox 171 1064 1464 1151; baseline 0 -20"><span class='ocrx_word' id='word_1_56' title='bbox 171 1066 275 1132; x_wconf 83' lang='lat' dir='ltr'><strong>subitb</strong></span> <span class='ocrx_word' id='word_1_57' title='bbox 297 1066 402 1143; x_wconf 80' lang='lat' dir='ltr'><strong>adimi,</strong></span> <span class='ocrx_word' id='word_1_58' title='bbox 428 1066 521 1131; x_wconf 90' lang='lat' dir='ltr'><strong>Luna</strong></span> <span class='ocrx_word' id='word_1_59' title='bbox 536 1066 643 1151; x_wconf 85' lang='lat' dir='ltr'><strong>utique</strong></span> <span class='ocrx_word' id='word_1_60' title='bbox 659 1065 700 1129; x_wconf 84' lang='lat' dir='ltr'><strong>nd</strong></span> <span class='ocrx_word' id='word_1_61' title='bbox 723 1064 858 1129; x_wconf 82' lang='lat' dir='ltr'>Terram</span> <span class='ocrx_word' id='word_1_62' title='bbox 872 1065 1020 1143; x_wconf 81' lang='lat' dir='ltr'><strong>accedet3</strong></span> <span class='ocrx_word' id='word_1_63' title='bbox 1042 1087 1138 1130; x_wconf 89' lang='lat' dir='ltr'><strong>nemo</strong></span> <span class='ocrx_word' id='word_1_64' title='bbox 1152 1078 1257 1131; x_wconf 87' lang='lat' dir='ltr'><strong>autem</strong></span> <span class='ocrx_word' id='word_1_65' title='bbox 1270 1088 1338 1131; x_wconf 90' lang='lat' dir='ltr'><strong>non</strong></span> <span class='ocrx_word' id='word_1_66' title='bbox 1351 1088 1464 1131; x_wconf 84' lang='lat' dir='ltr'><strong>conce·</strong></span> 
     </span>
     <span class='ocr_line' id='line_1_8' title="bbox 170 1171 1498 1259; baseline 0 -20"><span class='ocrx_word' id='word_1_67' title='bbox 170 1174 233 1252; x_wconf 89' lang='lat' dir='ltr'><strong>det,</strong></span> <span class='ocrx_word' id='word_1_68' title='bbox 256 1171 356 1259; x_wconf 74' lang='lat' dir='ltr'><strong>probe</strong></span> <span class='ocrx_word' id='word_1_69' title='bbox 377 1172 539 1259; x_wconf 87' lang='lat' dir='ltr'><strong>perpensis</strong></span> <span class='ocrx_word' id='word_1_70' title='bbox 560 1172 722 1259; x_wconf 84' lang='lat' dir='ltr'><strong>principiis</strong></span> <span class='ocrx_word' id='word_1_71' title='bbox 743 1172 943 1249; x_wconf 86' lang='lat' dir='ltr'><strong>mechanicis,</strong></span> <span class='ocrx_word' id='word_1_72' title='bbox 953 1232 957 1240; x_wconf 91' lang='grc'><em>,</em></span> <span class='ocrx_word' id='word_1_73' title='bbox 966 1172 1102 1237; x_wconf 88' lang='lat' dir='ltr'><strong>Terram</strong></span> <span class='ocrx_word' id='word_1_74' title='bbox 1121 1172 1242 1237; x_wconf 84' lang='lat' dir='ltr'><strong>intereti</strong></span> <span class='ocrx_word' id='word_1_75' title='bbox 1253 1194 1320 1238; x_wconf 88' lang='lat' dir='ltr'><strong>non</strong></span> <span class='ocrx_word' id='word_1_76' title='bbox 1333 1171 1464 1259; x_wconf 74' lang='lat' dir='ltr'><strong>prorsuis</strong></span> <span class='ocrx_word' id='word_1_77' title='bbox 1494 1230 1498 1238; x_wconf 95' lang='lat'>.</span> 
     </span>
     <span class='ocr_line' id='line_1_9' title="bbox 171 1284 1465 1373; baseline -0.002 -21"><span class='ocrx_word' id='word_1_78' title='bbox 171 1310 240 1352; x_wconf 83' lang='lat' dir='ltr'><strong>esse</strong></span> <span class='ocrx_word' id='word_1_79' title='bbox 262 1286 448 1373; x_wconf 86' lang='lat' dir='ltr'><strong>quieturam,</strong></span> <span class='ocrx_word' id='word_1_80' title='bbox 471 1285 527 1349; x_wconf 86' lang='lat' dir='ltr'><strong>sed</strong></span> <span class='ocrx_word' id='word_1_81' title='bbox 550 1284 653 1349; x_wconf 78' lang='lat' dir='ltr'><strong>Lunoe</strong></span> <span class='ocrx_word' id='word_1_82' title='bbox 674 1284 798 1349; x_wconf 85' lang='lat' dir='ltr'><strong>obviam</strong></span> <span class='ocrx_word' id='word_1_83' title='bbox 822 1284 947 1361; x_wconf 88' lang='lat' dir='ltr'><strong>ituram,</strong></span> <span class='ocrx_word' id='word_1_84' title='bbox 972 1306 1222 1371; x_wconf 75' lang='lat' dir='ltr'><strong>concursumque</strong></span> <span class='ocrx_word' id='word_1_85' title='bbox 1246 1284 1281 1348; x_wconf 91' lang='lat' dir='ltr'><strong>in</strong></span> <span class='ocrx_word' id='word_1_86' title='bbox 1306 1284 1465 1351; x_wconf 89' lang='lat' dir='ltr'><strong>communi</strong></span> 
     </span>
     <span class='ocr_line' id='line_1_10' title="bbox 173 1390 1466 1481; baseline -0.001 -24"><span class='ocrx_word' id='word_1_87' title='bbox 173 1393 335 1481; x_wconf 71' lang='lat' dir='ltr'><strong>gravitmb</strong></span> <span class='ocrx_word' id='word_1_88' title='bbox 357 1404 466 1481; x_wconf 75' lang='lat' dir='ltr'><strong>centro</strong></span> <span class='ocrx_word' id='word_1_89' title='bbox 488 1392 689 1479; x_wconf 84' lang='lat' dir='ltr'><strong>contingere:</strong></span> <span class='ocrx_word' id='word_1_90' title='bbox 712 1390 775 1455; x_wconf 89' lang='lat' dir='ltr'><strong>hoc</strong></span> <span class='ocrx_word' id='word_1_91' title='bbox 795 1402 901 1455; x_wconf 79' lang='lat' dir='ltr'><strong>autem</strong></span> <span class='ocrx_word' id='word_1_92' title='bbox 916 1390 1041 1455; x_wconf 83' lang='lat' dir='ltr'><strong>evenire</strong></span> <span class='ocrx_word' id='word_1_93' title='bbox 1055 1412 1121 1455; x_wconf 90' lang='lat' dir='ltr'><strong>non</strong></span> <span class='ocrx_word' id='word_1_94' title='bbox 1141 1391 1267 1476; x_wconf 85' lang='lat' dir='ltr'><strong>poterit,</strong></span> <span class='ocrx_word' id='word_1_95' title='bbox 1286 1390 1348 1455; x_wconf 85' lang='lat' dir='ltr'><strong>nisi</strong></span> <span class='ocrx_word' id='word_1_96' title='bbox 1363 1390 1466 1457; x_wconf 82' lang='lat' dir='ltr'><strong>Terra</strong></span> 
     </span>
     <span class='ocr_line' id='line_1_11' title="bbox 171 1496 1465 1600; baseline -0.002 -34"><span class='ocrx_word' id='word_1_97' title='bbox 171 1516 242 1567; x_wconf 90' lang='lat' dir='ltr'><strong>actu</strong></span> <span class='ocrx_word' id='word_1_98' title='bbox 265 1500 305 1566; x_wconf 85' lang='lat' dir='ltr'><strong>ad</strong></span> <span class='ocrx_word' id='word_1_99' title='bbox 328 1500 454 1565; x_wconf 86' lang='lat' dir='ltr'><strong>Lunam</strong></span> <span class='ocrx_word' id='word_1_100' title='bbox 473 1500 667 1600; x_wconf 71' lang='lat' dir='ltr'><strong>sollicitetur.</strong></span> <span class='ocrx_word' id='word_1_101' title='bbox 713 1498 841 1563; x_wconf 82' lang='lat' dir='ltr'><strong>Deinde</strong></span> <span class='ocrx_word' id='word_1_102' title='bbox 858 1499 893 1562; x_wconf 94' lang='lat' dir='ltr'><strong>in</strong></span> <span class='ocrx_word' id='word_1_103' title='bbox 908 1496 975 1585; x_wconf 79' lang='lat' dir='ltr'><strong>ipsi</strong></span> <span class='ocrx_word' id='word_1_104' title='bbox 991 1498 1083 1563; x_wconf 75' lang='lat' dir='ltr'><strong>Luni</strong></span> <span class='ocrx_word' id='word_1_105' title='bbox 1096 1500 1282 1587; x_wconf 73' lang='lat' dir='ltr'><strong>gravitmm</strong></span> <span class='ocrx_word' id='word_1_106' title='bbox 1297 1498 1367 1564; x_wconf 92' lang='lat' dir='ltr'><strong>dari</strong></span> <span class='ocrx_word' id='word_1_107' title='bbox 1380 1498 1465 1563; x_wconf 75' lang='lat' dir='ltr'><strong>silni-</strong></span> 
     </span>
     <span class='ocr_line' id='line_1_12' title="bbox 173 1607 1466 1695; baseline 0.002 -22"><span class='ocrx_word' id='word_1_108' title='bbox 173 1610 236 1673; x_wconf 89' lang='lat' dir='ltr'><strong>lem</strong></span> <span class='ocrx_word' id='word_1_109' title='bbox 250 1610 335 1687; x_wconf 85' lang='lat' dir='ltr'><strong>huic,</strong></span> <span class='ocrx_word' id='word_1_110' title='bbox 351 1631 445 1695; x_wconf 88' lang='lat' dir='ltr'><strong>quam</strong></span> <span class='ocrx_word' id='word_1_111' title='bbox 459 1610 493 1673; x_wconf 92' lang='lat' dir='ltr'><strong>in</strong></span> <span class='ocrx_word' id='word_1_112' title='bbox 509 1608 611 1673; x_wconf 75' lang='lat' dir='ltr'><strong>Terris</strong></span> <span class='ocrx_word' id='word_1_113' title='bbox 627 1607 787 1685; x_wconf 88' lang='lat' dir='ltr'><strong>sentimus,</strong></span> <span class='ocrx_word' id='word_1_114' title='bbox 811 1608 921 1695; x_wconf 82' lang='lat' dir='ltr'><strong>negari</strong></span> <span class='ocrx_word' id='word_1_115' title='bbox 939 1630 1004 1673; x_wconf 90' lang='lat' dir='ltr'><strong>non</strong></span> <span class='ocrx_word' id='word_1_116' title='bbox 1016 1621 1138 1695; x_wconf 83' lang='lat' dir='ltr'><strong>potest3</strong></span> <span class='ocrx_word' id='word_1_117' title='bbox 1160 1610 1221 1673; x_wconf 88' lang='lat' dir='ltr'><strong>nisi</strong></span> <span class='ocrx_word' id='word_1_118' title='bbox 1235 1609 1319 1674; x_wconf 87' lang='lat' dir='ltr'><strong>euim</strong></span> <span class='ocrx_word' id='word_1_119' title='bbox 1332 1608 1404 1675; x_wconf 88' lang='lat' dir='ltr'><strong>talis</strong></span> <span class='ocrx_word' id='word_1_120' title='bbox 1417 1608 1466 1674; x_wconf 82' lang='lat' dir='ltr'><strong>via</strong></span> 
     </span>
     <span class='ocr_line' id='line_1_13' title="bbox 171 1712 1468 1803; baseline 0.002 -22"><span class='ocrx_word' id='word_1_121' title='bbox 171 1718 206 1781; x_wconf 91' lang='lat' dir='ltr'><strong>in</strong></span> <span class='ocrx_word' id='word_1_122' title='bbox 222 1715 314 1781; x_wconf 75' lang='lat' dir='ltr'><strong>Lunai</strong></span> <span class='ocrx_word' id='word_1_123' title='bbox 329 1716 459 1803; x_wconf 82' lang='lat' dir='ltr'><strong>vigeret,</strong></span> <span class='ocrx_word' id='word_1_124' title='bbox 474 1726 579 1801; x_wconf 87' lang='lat' dir='ltr'><strong>partes</strong></span> <span class='ocrx_word' id='word_1_125' title='bbox 594 1714 697 1781; x_wconf 85' lang='lat' dir='ltr'><strong>Luuoe</strong></span> <span class='ocrx_word' id='word_1_126' title='bbox 712 1714 828 1792; x_wconf 74' lang='lat' dir='ltr'><strong>fluide,</strong></span> <span class='ocrx_word' id='word_1_127' title='bbox 844 1712 918 1779; x_wconf 82' lang='lat' dir='ltr'><strong>crim</strong></span> <span class='ocrx_word' id='word_1_128' title='bbox 933 1715 976 1779; x_wconf 92' lang='lat' dir='ltr'><strong>ob</strong></span> <span class='ocrx_word' id='word_1_129' title='bbox 990 1715 1176 1802; x_wconf 82' lang='lat' dir='ltr'><strong>gravitatem</strong></span> <span class='ocrx_word' id='word_1_130' title='bbox 1188 1717 1223 1779; x_wconf 91' lang='lat' dir='ltr'><strong>in</strong></span> <span class='ocrx_word' id='word_1_131' title='bbox 1238 1716 1382 1794; x_wconf 79' lang='lat' dir='ltr'><strong>Terram,</strong></span> <span class='ocrx_word' id='word_1_132' title='bbox 1397 1713 1468 1783; x_wconf 76' lang='lat' dir='ltr'><strong>uim</strong></span> 
     </span>
     <span class='ocr_line' id='line_1_14' title="bbox 171 1822 1466 1909; baseline 0.002 -22"><span class='ocrx_word' id='word_1_133' title='bbox 171 1824 214 1887; x_wconf 90' lang='lat' dir='ltr'><strong>ob</strong></span> <span class='ocrx_word' id='word_1_134' title='bbox 227 1836 351 1887; x_wconf 88' lang='lat' dir='ltr'><strong>motum</strong></span> <span class='ocrx_word' id='word_1_135' title='bbox 367 1822 470 1887; x_wconf 77' lang='lat' dir='ltr'><strong>Lunoe</strong></span> <span class='ocrx_word' id='word_1_136' title='bbox 492 1823 575 1888; x_wconf 82' lang='lat' dir='ltr'><strong>circe</strong></span> <span class='ocrx_word' id='word_1_137' title='bbox 595 1822 760 1909; x_wconf 88' lang='lat' dir='ltr'><strong>proprium</strong></span> <span class='ocrx_word' id='word_1_138' title='bbox 774 1844 877 1900; x_wconf 70' lang='lat' dir='ltr'><strong>uem,</strong></span> <span class='ocrx_word' id='word_1_139' title='bbox 892 1822 951 1887; x_wconf 86' lang='lat' dir='ltr'><strong>etsi</strong></span> <span class='ocrx_word' id='word_1_140' title='bbox 965 1822 1007 1887; x_wconf 88' lang='lat' dir='ltr'><strong>sit</strong></span> <span class='ocrx_word' id='word_1_141' title='bbox 1020 1822 1191 1889; x_wconf 87' lang='lat' dir='ltr'><strong>admodrim</strong></span> <span class='ocrx_word' id='word_1_142' title='bbox 1205 1823 1318 1902; x_wconf 85' lang='lat' dir='ltr'><strong>lentus,</strong></span> <span class='ocrx_word' id='word_1_143' title='bbox 1340 1837 1373 1890; x_wconf 89' lang='lat' dir='ltr'><strong>et</strong></span> <span class='ocrx_word' id='word_1_144' title='bbox 1386 1837 1466 1889; x_wconf 85' lang='lat' dir='ltr'><strong>tem—</strong></span> 
     </span>
     <span class='ocr_line' id='line_1_15' title="bbox 176 1931 1536 2021; baseline 0.004 -24"><span class='ocrx_word' id='word_1_145' title='bbox 176 1933 248 2017; x_wconf 77' lang='lat' dir='ltr'><strong>pori</strong></span> <span class='ocrx_word' id='word_1_146' title='bbox 268 1932 429 2017; x_wconf 90' lang='lat' dir='ltr'><strong>periodico</strong></span> <span class='ocrx_word' id='word_1_147' title='bbox 452 1934 590 2021; x_wconf 72' lang='lat' dir='ltr'><strong>aequalis,</strong></span> <span class='ocrx_word' id='word_1_148' title='bbox 609 1935 677 2018; x_wconf 90' lang='lat' dir='ltr'><strong>jam</strong></span> <span class='ocrx_word' id='word_1_149' title='bbox 691 1931 813 1999; x_wconf 83' lang='lat' dir='ltr'><strong>dudrinr</strong></span> <span class='ocrx_word' id='word_1_150' title='bbox 832 1932 1017 2010; x_wconf 81' lang='lat' dir='ltr'><strong>evolassent,</strong></span> <span class='ocrx_word' id='word_1_151' title='bbox 1039 1945 1210 2020; x_wconf 84' lang='lat' dir='ltr'><strong>partesque</strong></span> <span class='ocrx_word' id='word_1_152' title='bbox 1224 1934 1334 2002; x_wconf 84' lang='lat' dir='ltr'><strong>solidoe</strong></span> <span class='ocrx_word' id='word_1_153' title='bbox 1347 1936 1467 2003; x_wconf 58' lang='lat' dir='ltr'><strong>condus</strong></span> <span class='ocrx_word' id='word_1_154' title='bbox 1530 2000 1536 2009; x_wconf 88' lang='grc'><strong><em>,</em></strong></span> 
     </span>
     <span class='ocr_line' id='line_1_16' title="bbox 171 2038 1467 2125; baseline 0.002 -20"><span class='ocrx_word' id='word_1_155' title='bbox 171 2041 301 2105; x_wconf 75' lang='lat' dir='ltr'><strong>tendam</strong></span> <span class='ocrx_word' id='word_1_156' title='bbox 327 2062 417 2104; x_wconf 91' lang='lat' dir='ltr'><strong>suam</strong></span> <span class='ocrx_word' id='word_1_157' title='bbox 441 2042 627 2105; x_wconf 81' lang='lat' dir='ltr'><strong>amisissent.</strong></span> <span class='ocrx_word' id='word_1_158' title='bbox 673 2040 821 2105; x_wconf 86' lang='lat' dir='ltr'><strong>Pluribus</strong></span> <span class='ocrx_word' id='word_1_159' title='bbox 845 2038 982 2125; x_wconf 75' lang='lat' dir='ltr'><strong>denique</strong></span> <span class='ocrx_word' id='word_1_160' title='bbox 1007 2038 1076 2103; x_wconf 87' lang='lat' dir='ltr'><strong>aliis</strong></span> <span class='ocrx_word' id='word_1_161' title='bbox 1100 2041 1272 2105; x_wconf 85' lang='lat' dir='ltr'><strong>rationibus</strong></span> <span class='ocrx_word' id='word_1_162' title='bbox 1294 2064 1336 2105; x_wconf 82' lang='lat' dir='ltr'><strong>ex</strong></span> <span class='ocrx_word' id='word_1_163' title='bbox 1354 2042 1467 2109; x_wconf 80' lang='lat' dir='ltr'><strong>naturt</strong></span> 
     </span>
     <span class='ocr_line' id='line_1_17' title="bbox 173 2148 1467 2237; baseline 0.002 -24"><span class='ocrx_word' id='word_1_164' title='bbox 173 2151 329 2214; x_wconf 81' lang='lat' dir='ltr'><strong>vorticum</strong></span> <span class='ocrx_word' id='word_1_165' title='bbox 349 2150 466 2234; x_wconf 85' lang='lat' dir='ltr'><strong>petitis,</strong></span> <span class='ocrx_word' id='word_1_166' title='bbox 488 2151 588 2237; x_wconf 82' lang='lat' dir='ltr'><strong>magis</strong></span> <span class='ocrx_word' id='word_1_167' title='bbox 608 2148 788 2213; x_wconf 88' lang='lat' dir='ltr'><strong>confirmari</strong></span> <span class='ocrx_word' id='word_1_168' title='bbox 806 2159 914 2232; x_wconf 89' lang='lat' dir='ltr'><strong>posset</strong></span> <span class='ocrx_word' id='word_1_169' title='bbox 927 2148 990 2213; x_wconf 86' lang='lat' dir='ltr'><strong>tale</strong></span> <span class='ocrx_word' id='word_1_170' title='bbox 1004 2170 1121 2233; x_wconf 85' lang='lat' dir='ltr'><strong>corpus</strong></span> <span class='ocrx_word' id='word_1_171' title='bbox 1136 2149 1341 2227; x_wconf 88' lang='lat' dir='ltr'><strong>mundanum,</strong></span> <span class='ocrx_word' id='word_1_172' title='bbox 1365 2153 1467 2237; x_wconf 88' lang='lat' dir='ltr'><strong>cujus-</strong></span> 
     </span>
     <span class='ocr_line' id='line_1_18' title="bbox 177 2259 1468 2351; baseline 0.003 -28"><span class='ocrx_word' id='word_1_173' title='bbox 177 2262 265 2325; x_wconf 88' lang='lat' dir='ltr'><strong>modi</strong></span> <span class='ocrx_word' id='word_1_174' title='bbox 280 2274 328 2326; x_wconf 90' lang='lat' dir='ltr'><strong>est</strong></span> <span class='ocrx_word' id='word_1_175' title='bbox 342 2260 446 2343; x_wconf 82' lang='lat' dir='ltr'><strong>Luna,</strong></span> <span class='ocrx_word' id='word_1_176' title='bbox 472 2259 641 2329; x_wconf 84' lang='lat' dir='ltr'><strong>subsistere</strong></span> <span class='ocrx_word' id='word_1_177' title='bbox 655 2278 720 2327; x_wconf 90' lang='lat' dir='ltr'><strong>non</strong></span> <span class='ocrx_word' id='word_1_178' title='bbox 734 2282 837 2347; x_wconf 85' lang='lat' dir='ltr'><strong>posse,</strong></span> <span class='ocrx_word' id='word_1_179' title='bbox 853 2260 914 2325; x_wconf 91' lang='lat' dir='ltr'><strong>nisi</strong></span> <span class='ocrx_word' id='word_1_180' title='bbox 927 2261 1046 2325; x_wconf 79' lang='lat' dir='ltr'><strong>vortice</strong></span> <span class='ocrx_word' id='word_1_181' title='bbox 1060 2262 1102 2325; x_wconf 83' lang='lat' dir='ltr'><strong>sit</strong></span> <span class='ocrx_word' id='word_1_182' title='bbox 1115 2261 1262 2339; x_wconf 86' lang='lat' dir='ltr'><strong>cinctum,</strong></span> <span class='ocrx_word' id='word_1_183' title='bbox 1285 2282 1349 2348; x_wconf 92' lang='lat' dir='ltr'><strong>quo</strong></span> <span class='ocrx_word' id='word_1_184' title='bbox 1362 2262 1468 2351; x_wconf 78' lang='lat' dir='ltr'><strong>gravi-</strong></span> 
     </span>
     <span class='ocr_line' id='line_1_19' title="bbox 181 2368 1468 2459; baseline 0.001 -23"><span class='ocrx_word' id='word_1_185' title='bbox 181 2380 229 2436; x_wconf 78' lang='lat' dir='ltr'><strong>tas</strong></span> <span class='ocrx_word' id='word_1_186' title='bbox 243 2370 276 2432; x_wconf 92' lang='lat' dir='ltr'><strong>in</strong></span> <span class='ocrx_word' id='word_1_187' title='bbox 291 2368 323 2433; x_wconf 92' lang='lat' dir='ltr'><strong>id</strong></span> <span class='ocrx_word' id='word_1_188' title='bbox 344 2385 522 2459; x_wconf 81' lang='lat' dir='ltr'><strong>generetur.</strong></span> <span class='ocrx_word' id='word_1_189' title='bbox 569 2368 667 2448; x_wconf 73' lang='lat' dir='ltr'><strong>Quod</strong></span> <span class='ocrx_word' id='word_1_190' title='bbox 681 2372 708 2434; x_wconf 89' lang='lat' dir='ltr'><strong>si</strong></span> <span class='ocrx_word' id='word_1_191' title='bbox 721 2388 827 2437; x_wconf 88' lang='lat' dir='ltr'><strong>autem</strong></span> <span class='ocrx_word' id='word_1_192' title='bbox 841 2370 1080 2455; x_wconf 79' lang='lat' dir='ltr'><strong>gravitationem</strong></span> <span class='ocrx_word' id='word_1_193' title='bbox 1091 2368 1200 2435; x_wconf 77' lang='lat' dir='ltr'><strong>versus</strong></span> <span class='ocrx_word' id='word_1_194' title='bbox 1215 2369 1341 2437; x_wconf 88' lang='lat' dir='ltr'><strong>Lunam</strong></span> <span class='ocrx_word' id='word_1_195' title='bbox 1356 2394 1468 2437; x_wconf 86' lang='lat' dir='ltr'><strong>conce·</strong></span> 
     </span>
     <span class='ocr_line' id='line_1_20' title="bbox 174 2476 1468 2567; baseline 0.004 -28"><span class='ocrx_word' id='word_1_196' title='bbox 174 2476 296 2555; x_wconf 86' lang='lat' dir='ltr'><strong>damus,</strong></span> <span class='ocrx_word' id='word_1_197' title='bbox 321 2500 378 2543; x_wconf 88' lang='lat' dir='ltr'><strong>cur</strong></span> <span class='ocrx_word' id='word_1_198' title='bbox 400 2483 466 2567; x_wconf 88' lang='lat' dir='ltr'><strong>ejus</strong></span> <span class='ocrx_word' id='word_1_199' title='bbox 488 2480 644 2551; x_wconf 77' lang='lat' dir='ltr'><strong>actionem</strong></span> <span class='ocrx_word' id='word_1_200' title='bbox 665 2498 730 2541; x_wconf 87' lang='lat' dir='ltr'><strong>non</strong></span> <span class='ocrx_word' id='word_1_201' title='bbox 753 2477 793 2541; x_wconf 87' lang='lat' dir='ltr'><strong>ad</strong></span> <span class='ocrx_word' id='word_1_202' title='bbox 815 2497 874 2539; x_wconf 90' lang='lat' dir='ltr'><strong>nos</strong></span> <span class='ocrx_word' id='word_1_203' title='bbox 892 2476 992 2563; x_wconf 70' lang='lat' dir='ltr'><strong>usque</strong></span> <span class='ocrx_word' id='word_1_204' title='bbox 1006 2477 1217 2554; x_wconf 87' lang='lat' dir='ltr'><strong>admittamus,</strong></span> <span class='ocrx_word' id='word_1_205' title='bbox 1239 2478 1325 2543; x_wconf 75' lang='lat' dir='ltr'><strong>nidla</strong></span> <span class='ocrx_word' id='word_1_206' title='bbox 1339 2478 1468 2545; x_wconf 84' lang='lat' dir='ltr'><strong>omniab</strong></span> 
     </span>
     <span class='ocr_line' id='line_1_21' title="bbox 174 2586 1468 2677; baseline 0.002 -27"><span class='ocrx_word' id='word_1_207' title='bbox 174 2588 254 2652; x_wconf 84' lang='lat' dir='ltr'><strong>ratio</strong></span> <span class='ocrx_word' id='word_1_208' title='bbox 269 2590 396 2655; x_wconf 81' lang='lat' dir='ltr'><strong>suadet:</strong></span> <span class='ocrx_word' id='word_1_209' title='bbox 419 2591 495 2677; x_wconf 90' lang='lat' dir='ltr'><strong>quin</strong></span> <span class='ocrx_word' id='word_1_210' title='bbox 510 2588 615 2677; x_wconf 83' lang='lat' dir='ltr'><strong>potiris</strong></span> <span class='ocrx_word' id='word_1_211' title='bbox 637 2586 789 2674; x_wconf 88' lang='lat' dir='ltr'><strong>ejusmodi</strong></span> <span class='ocrx_word' id='word_1_212' title='bbox 804 2587 869 2649; x_wconf 86' lang='lat' dir='ltr'><strong>vim</strong></span> <span class='ocrx_word' id='word_1_213' title='bbox 888 2586 1020 2651; x_wconf 84' lang='lat' dir='ltr'><strong>similem</strong></span> <span class='ocrx_word' id='word_1_214' title='bbox 1034 2586 1130 2651; x_wconf 88' lang='lat' dir='ltr'><strong>statui</strong></span> <span class='ocrx_word' id='word_1_215' title='bbox 1144 2586 1318 2664; x_wconf 85' lang='lat' dir='ltr'><strong>conveniet,</strong></span> <span class='ocrx_word' id='word_1_216' title='bbox 1341 2586 1468 2675; x_wconf 87' lang='lat' dir='ltr'><strong>reliquis</strong></span> 
     </span>
     <span class='ocr_line' id='line_1_22' title="bbox 173 2692 1468 2784; baseline 0.002 -26"><span class='ocrx_word' id='word_1_217' title='bbox 173 2694 207 2758; x_wconf 91' lang='lat' dir='ltr'><strong>ln</strong></span> <span class='ocrx_word' id='word_1_218' title='bbox 221 2697 342 2761; x_wconf 90' lang='lat' dir='ltr'><strong>mundo</strong></span> <span class='ocrx_word' id='word_1_219' title='bbox 356 2696 571 2783; x_wconf 88' lang='lat' dir='ltr'><strong>deprehensis,</strong></span> <span class='ocrx_word' id='word_1_220' title='bbox 596 2718 667 2784; x_wconf 83' lang='lat' dir='ltr'><strong>quae</strong></span> <span class='ocrx_word' id='word_1_221' title='bbox 682 2695 770 2781; x_wconf 86' lang='lat' dir='ltr'><strong>quasi</strong></span> <span class='ocrx_word' id='word_1_222' title='bbox 791 2694 825 2757; x_wconf 91' lang='lat' dir='ltr'><strong>in</strong></span> <span class='ocrx_word' id='word_1_223' title='bbox 846 2692 1004 2760; x_wconf 78' lang='lat' dir='ltr'><strong>ialinittuu</strong></span> <span class='ocrx_word' id='word_1_224' title='bbox 1017 2693 1235 2779; x_wconf 76' lang='lat' dir='ltr'><strong>porrigtmtur,</strong></span> <span class='ocrx_word' id='word_1_225' title='bbox 1258 2704 1352 2781; x_wconf 88' lang='lat' dir='ltr'><strong>atque</strong></span> <span class='ocrx_word' id='word_1_226' title='bbox 1365 2694 1468 2761; x_wconf 82' lang='lat' dir='ltr'><strong>inver-</strong></span> 
     </span>
     <span class='ocr_line' id='line_1_23' title="bbox 174 2800 982 2888; baseline -0.005 -21"><span class='ocrx_word' id='word_1_227' title='bbox 174 2814 242 2867; x_wconf 79' lang='lat' dir='ltr'><strong>sam</strong></span> <span class='ocrx_word' id='word_1_228' title='bbox 256 2802 448 2888; x_wconf 81' lang='lat' dir='ltr'><strong>duplicatam</strong></span> <span class='ocrx_word' id='word_1_229' title='bbox 464 2816 572 2869; x_wconf 89' lang='lat' dir='ltr'><strong>tenent</strong></span> <span class='ocrx_word' id='word_1_230' title='bbox 586 2802 803 2867; x_wconf 76' lang='lat' dir='ltr'><strong>distantiarum</strong></span> <span class='ocrx_word' id='word_1_231' title='bbox 812 2800 982 2864; x_wconf 80' lang='lat' dir='ltr'><strong>¹rationem.</strong></span> 
     </span>
    </p>

    <p class='ocr_par' dir='ltr' id='par_1_3' title="bbox 153 2900 1549 4617">
     <span class='ocr_line' id='line_1_24' title="bbox 153 2900 1466 3009; baseline -0.002 -36"><span class='ocrx_word' id='word_1_232' title='bbox 153 2992 155 3009; x_wconf 25' lang='lat'>1</span> <span class='ocrx_word' id='word_1_233' title='bbox 176 2900 180 2936; x_wconf 88' lang='lat'><strong>¹</strong></span> <span class='ocrx_word' id='word_1_234' title='bbox 216 2914 240 2991; x_wconf 80' lang='lat'><strong>§.</strong></span> <span class='ocrx_word' id='word_1_235' title='bbox 258 2917 309 2974; x_wconf 89' lang='lat'><strong>10.</strong></span> <span class='ocrx_word' id='word_1_236' title='bbox 334 2911 399 2975; x_wconf 92' lang='lat' dir='ltr'><strong>His</strong></span> <span class='ocrx_word' id='word_1_237' title='bbox 421 2910 572 2995; x_wconf 85' lang='lat' dir='ltr'><strong>expositis</strong></span> <span class='ocrx_word' id='word_1_238' title='bbox 594 2908 793 2975; x_wconf 88' lang='lat' dir='ltr'><strong>manifestum</strong></span> <span class='ocrx_word' id='word_1_239' title='bbox 815 2919 927 2984; x_wconf 56' lang='lat' dir='ltr'><strong>est,*et</strong></span> <span class='ocrx_word' id='word_1_240' title='bbox 949 2904 1039 2992; x_wconf 88' lang='lat' dir='ltr'><strong>quasi</strong></span> <span class='ocrx_word' id='word_1_241' title='bbox 1061 2905 1252 2991; x_wconf 72' lang='lat' dir='ltr'><strong>experiendi</strong></span> <span class='ocrx_word' id='word_1_242' title='bbox 1278 2908 1466 2985; x_wconf 85' lang='lat' dir='ltr'><strong>convictum,</strong></span> 
     </span>
     <span class='ocr_line' id='line_1_25' title="bbox 175 3010 1466 3107; baseline 0.001 -29"><span class='ocrx_word' id='word_1_243' title='bbox 175 3010 310 3081; x_wconf 86' lang='lat' dir='ltr'><strong>Terram</strong></span> <span class='ocrx_word' id='word_1_244' title='bbox 331 3039 405 3084; x_wconf 89' lang='lat' dir='ltr'><strong>cum</strong></span> <span class='ocrx_word' id='word_1_245' title='bbox 425 3017 554 3107; x_wconf 86' lang='lat' dir='ltr'><strong>singulis</strong></span> <span class='ocrx_word' id='word_1_246' title='bbox 575 3018 638 3081; x_wconf 91' lang='lat' dir='ltr'><strong>suis</strong></span> <span class='ocrx_word' id='word_1_247' title='bbox 657 3016 798 3100; x_wconf 87' lang='lat' dir='ltr'><strong>partibus</strong></span> <span class='ocrx_word' id='word_1_248' title='bbox 820 3028 886 3078; x_wconf 85' lang='lat' dir='ltr'><strong>tarn</strong></span> <span class='ocrx_word' id='word_1_249' title='bbox 907 3011 1015 3077; x_wconf 77' lang='lat' dir='ltr'><strong>versis</strong></span> <span class='ocrx_word' id='word_1_250' title='bbox 1031 3012 1156 3078; x_wconf 88' lang='lat' dir='ltr'><strong>Lunam</strong></span> <span class='ocrx_word' id='word_1_251' title='bbox 1171 3011 1266 3099; x_wconf 75' lang='lat' dir='ltr'><strong>quam</strong></span> <span class='ocrx_word' id='word_1_252' title='bbox 1280 3012 1388 3079; x_wconf 76' lang='lat' dir='ltr'><strong>versis</strong></span> <span class='ocrx_word' id='word_1_253' title='bbox 1408 3015 1466 3079; x_wconf 90' lang='lat' dir='ltr'><strong>So·</strong></span> 
     </span>
     <span class='ocr_line' id='line_1_26' title="bbox 174 3120 1466 3211; baseline -0.002 -24"><span class='ocrx_word' id='word_1_254' title='bbox 174 3124 237 3189; x_wconf 91' lang='lat' dir='ltr'><strong>lem</strong></span> <span class='ocrx_word' id='word_1_255' title='bbox 259 3125 414 3211; x_wconf 73' lang='lat' dir='ltr'><strong>perpetui)</strong></span> <span class='ocrx_word' id='word_1_256' title='bbox 436 3126 605 3203; x_wconf 89' lang='lat' dir='ltr'><strong>sollicitari,</strong></span> <span class='ocrx_word' id='word_1_257' title='bbox 628 3136 721 3211; x_wconf 90' lang='lat' dir='ltr'><strong>atque</strong></span> <span class='ocrx_word' id='word_1_258' title='bbox 742 3136 908 3209; x_wconf 85' lang='lat' dir='ltr'><strong>utramque</strong></span> <span class='ocrx_word' id='word_1_259' title='bbox 928 3121 993 3184; x_wconf 80' lang='lat' dir='ltr'><strong>uim</strong></span> <span class='ocrx_word' id='word_1_260' title='bbox 1013 3121 1282 3208; x_wconf 87' lang='lat' dir='ltr'><strong>proportionalem</strong></span> <span class='ocrx_word' id='word_1_261' title='bbox 1300 3144 1368 3187; x_wconf 81' lang='lat' dir='ltr'><strong>csse</strong></span> <span class='ocrx_word' id='word_1_262' title='bbox 1389 3120 1466 3187; x_wconf 90' lang='lat' dir='ltr'><strong>reci·</strong></span> 
     </span>
     <span class='ocr_line' id='line_1_27' title="bbox 176 3228 1468 3322; baseline -0.005 -23"><span class='ocrx_word' id='word_1_263' title='bbox 176 3235 274 3319; x_wconf 80' lang='lat' dir='ltr'><strong>proed</strong></span> <span class='ocrx_word' id='word_1_264' title='bbox 295 3236 453 3322; x_wconf 86' lang='lat' dir='ltr'><strong>quadratis</strong></span> <span class='ocrx_word' id='word_1_265' title='bbox 475 3236 702 3301; x_wconf 85' lang='lat' dir='ltr'><strong>distantiarum.</strong></span> <span class='ocrx_word' id='word_1_266' title='bbox 749 3232 815 3297; x_wconf 83' lang='lat' dir='ltr'><strong>Hae</strong></span> <span class='ocrx_word' id='word_1_267' title='bbox 830 3232 926 3319; x_wconf 86' lang='lat' dir='ltr'><strong>igitur</strong></span> <span class='ocrx_word' id='word_1_268' title='bbox 939 3230 1031 3307; x_wconf 82' lang='lat' dir='ltr'><strong>vires,</strong></span> <span class='ocrx_word' id='word_1_269' title='bbox 1049 3228 1122 3293; x_wconf 84' lang='lat' dir='ltr'><strong>clun</strong></span> <span class='ocrx_word' id='word_1_270' title='bbox 1136 3242 1208 3293; x_wconf 82' lang='lat' dir='ltr'><strong>actu</strong></span> <span class='ocrx_word' id='word_1_271' title='bbox 1224 3230 1369 3308; x_wconf 82' lang='lat' dir='ltr'><strong>existam,</strong></span> <span class='ocrx_word' id='word_1_272' title='bbox 1392 3252 1468 3293; x_wconf 89' lang='lat' dir='ltr'><strong>con·</strong></span> 
     </span>
     <span class='ocr_line' id='line_1_28' title="bbox 174 3339 1468 3438; baseline -0.003 -31"><span class='ocrx_word' id='word_1_273' title='bbox 174 3352 353 3433; x_wconf 84' lang='lat' dir='ltr'><strong>&#39;stanterque</strong></span> <span class='ocrx_word' id='word_1_274' title='bbox 374 3346 520 3438; x_wconf 79' lang='lat' dir='ltr'><strong>ellectum</strong></span> <span class='ocrx_word' id='word_1_275' title='bbox 542 3368 634 3409; x_wconf 87' lang='lat' dir='ltr'><strong>suurn</strong></span> <span class='ocrx_word' id='word_1_276' title='bbox 655 3354 794 3418; x_wconf 86' lang='lat' dir='ltr'><strong>exerant,</strong></span> <span class='ocrx_word' id='word_1_277' title='bbox 817 3341 851 3403; x_wconf 93' lang='lat' dir='ltr'><strong>in</strong></span> <span class='ocrx_word' id='word_1_278' title='bbox 871 3339 1021 3424; x_wconf 66' lang='lat' dir='ltr'><strong>presenti</strong></span> <span class='ocrx_word' id='word_1_279' title='bbox 1040 3339 1177 3426; x_wconf 83' lang='lat' dir='ltr'><strong>negotio,</strong></span> <span class='ocrx_word' id='word_1_280' title='bbox 1205 3361 1269 3425; x_wconf 93' lang='lat' dir='ltr'><strong>quo</strong></span> <span class='ocrx_word' id='word_1_281' title='bbox 1287 3340 1321 3401; x_wconf 92' lang='lat' dir='ltr'><strong>in</strong></span> <span class='ocrx_word' id='word_1_282' title='bbox 1341 3360 1468 3403; x_wconf 88' lang='lat' dir='ltr'><strong>causam</strong></span> 
     </span>
     <span class='ocr_line' id='line_1_29' title="bbox 175 3446 1467 3540; baseline -0.002 -25"><span class='ocrx_word' id='word_1_283' title='bbox 175 3451 269 3517; x_wconf 78' lang='lat' dir='ltr'><strong>&#39;restris</strong></span> <span class='ocrx_word' id='word_1_284' title='bbox 290 3454 385 3518; x_wconf 86' lang='lat' dir='ltr'><strong>maris</strong></span> <span class='ocrx_word' id='word_1_285' title='bbox 407 3454 603 3540; x_wconf 89' lang='lat' dir='ltr'><strong>inquirimus,</strong></span> <span class='ocrx_word' id='word_1_286' title='bbox 625 3451 779 3539; x_wconf 68' lang='lat' dir='ltr'><strong>preteriri</strong></span> <span class='ocrx_word' id='word_1_287' title='bbox 800 3447 930 3513; x_wconf 82' lang='lat' dir='ltr'><strong>omninb</strong></span> <span class='ocrx_word' id='word_1_288' title='bbox 951 3460 1131 3533; x_wconf 82' lang='lat' dir='ltr'><strong>nequeunt3</strong></span> <span class='ocrx_word' id='word_1_289' title='bbox 1153 3447 1215 3511; x_wconf 86' lang='lat' dir='ltr'><strong>nisi</strong></span> <span class='ocrx_word' id='word_1_290' title='bbox 1235 3446 1373 3511; x_wconf 71' lang='lat' dir='ltr'><strong>dilucide</strong></span> <span class='ocrx_word' id='word_1_291' title='bbox 1393 3446 1467 3512; x_wconf 70' lang='lat' dir='ltr'><strong>ante</strong></span> 
     </span>
     <span class='ocr_line' id='line_1_30' title="bbox 175 3557 1467 3645; baseline -0.001 -23"><span class='ocrx_word' id='word_1_292' title='bbox 175 3560 216 3623; x_wconf 88' lang='lat' dir='ltr'><strong>sit</strong></span> <span class='ocrx_word' id='word_1_293' title='bbox 237 3561 417 3645; x_wconf 88' lang='lat' dir='ltr'><strong>probatum,</strong></span> <span class='ocrx_word' id='word_1_294' title='bbox 441 3584 492 3627; x_wconf 85' lang='lat' dir='ltr'><strong>eas</strong></span> <span class='ocrx_word' id='word_1_295' title='bbox 514 3582 578 3625; x_wconf 93' lang='lat' dir='ltr'><strong>non</strong></span> <span class='ocrx_word' id='word_1_296' title='bbox 600 3558 703 3624; x_wconf 88' lang='lat' dir='ltr'><strong>schim</strong></span> <span class='ocrx_word' id='word_1_297' title='bbox 722 3560 845 3623; x_wconf 86' lang='lat' dir='ltr'><strong>fluxum</strong></span> <span class='ocrx_word' id='word_1_298' title='bbox 860 3580 897 3621; x_wconf 93' lang='lat' dir='ltr'><strong>ac</strong></span> <span class='ocrx_word' id='word_1_299' title='bbox 910 3557 1068 3621; x_wconf 84' lang='lat' dir='ltr'><strong>refluxum</strong></span> <span class='ocrx_word' id='word_1_300' title='bbox 1086 3578 1152 3620; x_wconf 90' lang='lat' dir='ltr'><strong>non</strong></span> <span class='ocrx_word' id='word_1_301' title='bbox 1172 3577 1332 3643; x_wconf 84' lang='lat' dir='ltr'><strong>generare,</strong></span> <span class='ocrx_word' id='word_1_302' title='bbox 1356 3558 1412 3621; x_wconf 89' lang='lat' dir='ltr'><strong>sed</strong></span> <span class='ocrx_word' id='word_1_303' title='bbox 1426 3580 1467 3621; x_wconf 89' lang='lat' dir='ltr'><strong>ne</strong></span> 
     </span>
     <span class='ocr_line' id='line_1_31' title="bbox 175 3662 1467 3755; baseline 0.002 -26"><span class='ocrx_word' id='word_1_304' title='bbox 175 3666 302 3752; x_wconf 87' lang='lat' dir='ltr'><strong>quidem</strong></span> <span class='ocrx_word' id='word_1_305' title='bbox 326 3668 493 3755; x_wconf 90' lang='lat' dir='ltr'><strong>quicquam</strong></span> <span class='ocrx_word' id='word_1_306' title='bbox 515 3664 646 3732; x_wconf 89' lang='lat' dir='ltr'><strong>efficere.</strong></span> <span class='ocrx_word' id='word_1_307' title='bbox 693 3666 725 3731; x_wconf 87' lang='lat' dir='ltr'><strong>Si</strong></span> <span class='ocrx_word' id='word_1_308' title='bbox 746 3666 831 3729; x_wconf 90' lang='lat' dir='ltr'><strong>enim</strong></span> <span class='ocrx_word' id='word_1_309' title='bbox 856 3666 925 3729; x_wconf 85' lang='lat' dir='ltr'><strong>istoe</strong></span> <span class='ocrx_word' id='word_1_310' title='bbox 947 3663 1028 3727; x_wconf 87' lang='lat' dir='ltr'><strong>vires</strong></span> <span class='ocrx_word' id='word_1_311' title='bbox 1048 3662 1149 3729; x_wconf 92' lang='lat' dir='ltr'><strong>ullum</strong></span> <span class='ocrx_word' id='word_1_312' title='bbox 1171 3664 1326 3729; x_wconf 86' lang='lat' dir='ltr'><strong>duntaxat</strong></span> <span class='ocrx_word' id='word_1_313' title='bbox 1344 3678 1467 3731; x_wconf 89' lang='lat' dir='ltr'><strong>motum</strong></span> 
     </span>
     <span class='ocr_line' id='line_1_32' title="bbox 174 3774 1549 3865; baseline 0.001 -24"><span class='ocrx_word' id='word_1_314' title='bbox 174 3780 372 3865; x_wconf 89' lang='lat' dir='ltr'><strong>reciprocum</strong></span> <span class='ocrx_word' id='word_1_315' title='bbox 392 3780 473 3844; x_wconf 90' lang='lat' dir='ltr'><strong>mari</strong></span> <span class='ocrx_word' id='word_1_316' title='bbox 493 3778 643 3844; x_wconf 89' lang='lat' dir='ltr'><strong>inducere</strong></span> <span class='ocrx_word' id='word_1_317' title='bbox 663 3777 795 3854; x_wconf 81' lang='lat' dir='ltr'><strong>valeant,</strong></span> <span class='ocrx_word' id='word_1_318' title='bbox 817 3775 1018 3862; x_wconf 88' lang='lat' dir='ltr'><strong>quantumvis</strong></span> <span class='ocrx_word' id='word_1_319' title='bbox 1036 3775 1063 3837; x_wconf 91' lang='lat' dir='ltr'><strong>is</strong></span> <span class='ocrx_word' id='word_1_320' title='bbox 1084 3774 1178 3838; x_wconf 88' lang='lat' dir='ltr'><strong>etiam</strong></span> <span class='ocrx_word' id='word_1_321' title='bbox 1199 3774 1239 3837; x_wconf 91' lang='lat' dir='ltr'><strong>sit</strong></span> <span class='ocrx_word' id='word_1_322' title='bbox 1253 3774 1397 3863; x_wconf 83' lang='lat' dir='ltr'><strong>exiguus,</strong></span> <span class='ocrx_word' id='word_1_323' title='bbox 1419 3788 1466 3842; x_wconf 88' lang='lat' dir='ltr'><strong>at-</strong></span> <span class='ocrx_word' id='word_1_324' title='bbox 1546 3808 1549 3813; x_wconf 96' lang='lat'>·</span> 
     </span>
     <span class='ocr_line' id='line_1_33' title="bbox 174 3864 1466 3974; baseline 0.002 -25"><span class='ocrx_word' id='word_1_325' title='bbox 174 3910 236 3974; x_wconf 91' lang='lat' dir='ltr'><strong>que</strong></span> <span class='ocrx_word' id='word_1_326' title='bbox 258 3885 339 3951; x_wconf 85' lang='lat' dir='ltr'><strong>a&#39;deb</strong></span> <span class='ocrx_word' id='word_1_327' title='bbox 358 3886 449 3951; x_wconf 85' lang='lat' dir='ltr'><strong>aestui</strong></span> <span class='ocrx_word' id='word_1_328' title='bbox 470 3864 565 3949; x_wconf 78' lang='lat' dir='ltr'><strong>alaris</strong></span> <span class='ocrx_word' id='word_1_329' title='bbox 583 3882 713 3949; x_wconf 74' lang='lat' dir='ltr'><strong>sortasse</strong></span> <span class='ocrx_word' id='word_1_330' title='bbox 735 3884 920 3959; x_wconf 85' lang='lat' dir='ltr'><strong>contrarius,</strong></span> <span class='ocrx_word' id='word_1_331' title='bbox 943 3903 1052 3947; x_wconf 83' lang='lat' dir='ltr'><strong>eorum</strong></span> <span class='ocrx_word' id='word_1_332' title='bbox 1071 3892 1178 3945; x_wconf 88' lang='lat' dir='ltr'><strong>tamen</strong></span> <span class='ocrx_word' id='word_1_333' title='bbox 1197 3882 1277 3946; x_wconf 85' lang='lat' dir='ltr'><strong>ratio</strong></span> <span class='ocrx_word' id='word_1_334' title='bbox 1290 3884 1466 3951; x_wconf 73' lang='lat' dir='ltr'><strong>successario</strong></span> 
     </span>
     <span class='ocr_line' id='line_1_34' title="bbox 174 3988 1467 4075; baseline -0.002 -17"><span class='ocrx_word' id='word_1_335' title='bbox 174 3995 234 4059; x_wconf 82' lang='lat' dir='ltr'><strong>&#39;erit</strong></span> <span class='ocrx_word' id='word_1_336' title='bbox 252 3992 407 4072; x_wconf 83' lang='lat' dir='ltr'><strong>habenda,</strong></span> <span class='ocrx_word' id='word_1_337' title='bbox 431 3990 503 4057; x_wconf 83' lang='lat' dir='ltr'><strong>crim</strong></span> <span class='ocrx_word' id='word_1_338' title='bbox 526 3993 592 4055; x_wconf 89' lang='lat' dir='ltr'><strong>sine</strong></span> <span class='ocrx_word' id='word_1_339' title='bbox 614 3991 675 4055; x_wconf 88' lang='lat' dir='ltr'><strong>illis</strong></span> <span class='ocrx_word' id='word_1_340' title='bbox 692 4012 767 4053; x_wconf 85' lang='lat' dir='ltr'><strong>vera</strong></span> <span class='ocrx_word' id='word_1_341' title='bbox 785 4012 890 4066; x_wconf 85' lang='lat' dir='ltr'><strong>causa,</strong></span> <span class='ocrx_word' id='word_1_342' title='bbox 913 4008 1120 4075; x_wconf 77' lang='lat' dir='ltr'><strong>quaecumque</strong></span> <span class='ocrx_word' id='word_1_343' title='bbox 1145 3988 1195 4065; x_wconf 90' lang='lat' dir='ltr'><strong>sit,</strong></span> <span class='ocrx_word' id='word_1_344' title='bbox 1218 4010 1321 4075; x_wconf 89' lang='lat' dir='ltr'><strong>neque</strong></span> <span class='ocrx_word' id='word_1_345' title='bbox 1339 3990 1467 4056; x_wconf 88' lang='lat' dir='ltr'><strong>investi-</strong></span> 
     </span>
     <span class='ocr_line' id='line_1_35' title="bbox 174 4097 1466 4190; baseline -0.01 -23"><span class='ocrx_word' id='word_1_346' title='bbox 174 4103 242 4190; x_wconf 78' lang='lat' dir='ltr'><strong>gari</strong></span> <span class='ocrx_word' id='word_1_347' title='bbox 257 4124 358 4189; x_wconf 90' lang='lat' dir='ltr'><strong>neque</strong></span> <span class='ocrx_word' id='word_1_348' title='bbox 374 4101 521 4190; x_wconf 85' lang='lat' dir='ltr'><strong>cognosci</strong></span> <span class='ocrx_word' id='word_1_349' title='bbox 535 4100 652 4187; x_wconf 83' lang='lat' dir='ltr'><strong>possit·</strong></span> <span class='ocrx_word' id='word_1_350' title='bbox 684 4098 796 4185; x_wconf 87' lang='lat' dir='ltr'><strong>Neque</strong></span> <span class='ocrx_word' id='word_1_351' title='bbox 810 4109 964 4183; x_wconf 85' lang='lat' dir='ltr'><strong>praeterea</strong></span> <span class='ocrx_word' id='word_1_352' title='bbox 978 4118 1063 4161; x_wconf 85' lang='lat' dir='ltr'><strong>sanae</strong></span> <span class='ocrx_word' id='word_1_353' title='bbox 1077 4097 1206 4161; x_wconf 89' lang='lat' dir='ltr'><strong>rationis</strong></span> <span class='ocrx_word' id='word_1_354' title='bbox 1219 4111 1380 4185; x_wconf 82' lang='lat' dir='ltr'><strong>proecepta</strong></span> <span class='ocrx_word' id='word_1_355' title='bbox 1392 4122 1466 4187; x_wconf 75' lang='lat' dir='ltr'><strong>per.</strong></span> 
     </span>
     <span class='ocr_line' id='line_1_36' title="bbox 174 4203 1465 4295; baseline -0.003 -22"><span class='ocrx_word' id='word_1_356' title='bbox 174 4211 303 4273; x_wconf 90' lang='lat' dir='ltr'><strong>mittunt</strong></span> <span class='ocrx_word' id='word_1_357' title='bbox 326 4209 401 4273; x_wconf 84' lang='lat' dir='ltr'><strong>alias</strong></span> <span class='ocrx_word' id='word_1_358' title='bbox 426 4208 508 4271; x_wconf 86' lang='lat' dir='ltr'><strong>vires</strong></span> <span class='ocrx_word' id='word_1_359' title='bbox 531 4207 720 4295; x_wconf 82' lang='lat' dir='ltr'><strong>excogitare,</strong></span> <span class='ocrx_word' id='word_1_360' title='bbox 745 4204 778 4269; x_wconf 93' lang='lat' dir='ltr'><strong>in</strong></span> <span class='ocrx_word' id='word_1_361' title='bbox 803 4206 904 4291; x_wconf 90' lang='lat' dir='ltr'><strong>iisque</strong></span> <span class='ocrx_word' id='word_1_362' title='bbox 924 4224 1050 4267; x_wconf 89' lang='lat' dir='ltr'><strong>causam</strong></span> <span class='ocrx_word' id='word_1_363' title='bbox 1070 4203 1165 4267; x_wconf 86' lang='lat' dir='ltr'><strong>aestirs</strong></span> <span class='ocrx_word' id='word_1_364' title='bbox 1185 4205 1281 4268; x_wconf 86' lang='lat' dir='ltr'><strong>maris</strong></span> <span class='ocrx_word' id='word_1_365' title='bbox 1301 4204 1465 4287; x_wconf 85' lang='lat' dir='ltr'><strong>collocare,</strong></span> 
     </span>
     <span class='ocr_line' id='line_1_37' title="bbox 173 4311 1467 4405; baseline -0.002 -22"><span class='ocrx_word' id='word_1_366' title='bbox 173 4331 343 4405; x_wconf 74' lang='lat' dir='ltr'><strong>antequam</strong></span> <span class='ocrx_word' id='word_1_367' title='bbox 364 4318 524 4383; x_wconf 85' lang='lat' dir='ltr'><strong>evidenter</strong></span> <span class='ocrx_word' id='word_1_368' title='bbox 546 4318 586 4382; x_wconf 89' lang='lat' dir='ltr'><strong>sit</strong></span> <span class='ocrx_word' id='word_1_369' title='bbox 604 4316 862 4390; x_wconf 87' lang='lat' dir='ltr'><strong>demonstratum,</strong></span> <span class='ocrx_word' id='word_1_370' title='bbox 883 4315 973 4378; x_wconf 81' lang='lat' dir='ltr'><strong>butas</strong></span> <span class='ocrx_word' id='word_1_371' title='bbox 992 4314 1067 4376; x_wconf 86' lang='lat' dir='ltr'><strong>istas</strong></span> <span class='ocrx_word' id='word_1_372' title='bbox 1091 4311 1171 4377; x_wconf 85' lang='lat' dir='ltr'><strong>vires</strong></span> <span class='ocrx_word' id='word_1_373' title='bbox 1194 4312 1300 4378; x_wconf 90' lang='lat' dir='ltr'><strong>Solem</strong></span> <span class='ocrx_word' id='word_1_374' title='bbox 1325 4314 1467 4381; x_wconf 85' lang='lat' dir='ltr'><strong>Lunam·</strong></span> 
     </span>
     <span class='ocr_line' id='line_1_38' title="bbox 175 4419 1467 4514; baseline 0 -25"><span class='ocrx_word' id='word_1_375' title='bbox 175 4448 236 4514; x_wconf 88' lang='lat' dir='ltr'><strong>que</strong></span> <span class='ocrx_word' id='word_1_376' title='bbox 253 4436 438 4511; x_wconf 88' lang='lat' dir='ltr'><strong>spectantes,</strong></span> <span class='ocrx_word' id='word_1_377' title='bbox 454 4446 531 4511; x_wconf 89' lang='lat' dir='ltr'><strong>quas</strong></span> <span class='ocrx_word' id='word_1_378' title='bbox 547 4446 609 4487; x_wconf 93' lang='lat' dir='ltr'><strong>non</strong></span> <span class='ocrx_word' id='word_1_379' title='bbox 625 4420 762 4513; x_wconf 82' lang='lat' dir='ltr'><strong>gratuitb</strong></span> <span class='ocrx_word' id='word_1_380' title='bbox 778 4422 990 4497; x_wconf 74' lang='lat' dir='ltr'><strong>assumimus,</strong></span> <span class='ocrx_word' id='word_1_381' title='bbox 1015 4419 1072 4483; x_wconf 90' lang='lat' dir='ltr'><strong>sed</strong></span> <span class='ocrx_word' id='word_1_382' title='bbox 1087 4440 1128 4483; x_wconf 83' lang='lat' dir='ltr'><strong>ex</strong></span> <span class='ocrx_word' id='word_1_383' title='bbox 1143 4420 1321 4485; x_wconf 73' lang='lat' dir='ltr'><strong>comissimis</strong></span> <span class='ocrx_word' id='word_1_384' title='bbox 1334 4424 1467 4507; x_wconf 83' lang='lat' dir='ltr'><strong>phaeno·</strong></span> 
     </span>
     <span class='ocr_line' id='line_1_39' title="bbox 174 4522 1466 4617; baseline -0.002 -19"><span class='ocrx_word' id='word_1_385' title='bbox 174 4534 275 4598; x_wconf 86' lang='lat' dir='ltr'><strong>menis</strong></span> <span class='ocrx_word' id='word_1_386' title='bbox 298 4534 330 4596; x_wconf 90' lang='lat' dir='ltr'><strong>in</strong></span> <span class='ocrx_word' id='word_1_387' title='bbox 352 4532 473 4597; x_wconf 90' lang='lat' dir='ltr'><strong>mundo</strong></span> <span class='ocrx_word' id='word_1_388' title='bbox 491 4533 625 4597; x_wconf 81' lang='lat' dir='ltr'><strong>existere</strong></span> <span class='ocrx_word' id='word_1_389' title='bbox 647 4530 799 4608; x_wconf 84' lang='lat' dir='ltr'><strong>novimus,</strong></span> <span class='ocrx_word' id='word_1_390' title='bbox 825 4527 865 4591; x_wconf 88' lang='lat' dir='ltr'><strong>ad</strong></span> <span class='ocrx_word' id='word_1_391' title='bbox 887 4528 1009 4591; x_wconf 88' lang='lat' dir='ltr'><strong>lluxum</strong></span> <span class='ocrx_word' id='word_1_392' title='bbox 1034 4549 1071 4590; x_wconf 91' lang='lat' dir='ltr'><strong>ac</strong></span> <span class='ocrx_word' id='word_1_393' title='bbox 1094 4522 1250 4590; x_wconf 86' lang='lat' dir='ltr'><strong>refluxum</strong></span> <span class='ocrx_word' id='word_1_394' title='bbox 1272 4527 1368 4593; x_wconf 89' lang='lat' dir='ltr'><strong>maris</strong></span> <span class='ocrx_word' id='word_1_395' title='bbox 1390 4552 1466 4617; x_wconf 90' lang='lat' dir='ltr'><strong>pro-</strong></span> 
     </span>
    </p>
   </div>
   <div class='ocr_carea' id='block_1_3' title="bbox 174 4636 1465 4725">
    <p class='ocr_par' dir='ltr' id='par_1_4' title="bbox 174 4636 1465 4725">
     <span class='ocr_line' id='line_1_40' title="bbox 174 4636 1465 4725; baseline -0.002 -15"><span class='ocrx_word' id='word_1_396' title='bbox 174 4642 354 4711; x_wconf 90' lang='lat' dir='ltr'><strong>ducendum</strong></span> <span class='ocrx_word' id='word_1_397' title='bbox 367 4664 432 4707; x_wconf 91' lang='lat' dir='ltr'><strong>non</strong></span> <span class='ocrx_word' id='word_1_398' title='bbox 447 4662 515 4707; x_wconf 89' lang='lat' dir='ltr'><strong>esse</strong></span> <span class='ocrx_word' id='word_1_399' title='bbox 530 4640 726 4707; x_wconf 87' lang='lat' dir='ltr'><strong>sufficientes.</strong></span> <span class='ocrx_word' id='word_1_400' title='bbox 772 4640 812 4706; x_wconf 92' lang='lat' dir='ltr'><strong>ln</strong></span> <span class='ocrx_word' id='word_1_401' title='bbox 828 4638 1029 4725; x_wconf 87' lang='lat' dir='ltr'><strong>sequentibus</strong></span> <span class='ocrx_word' id='word_1_402' title='bbox 1044 4648 1149 4703; x_wconf 86' lang='lat' dir='ltr'><strong>autem</strong></span> <span class='ocrx_word' id='word_1_403' title='bbox 1166 4636 1330 4723; x_wconf 90' lang='lat' dir='ltr'><strong>Capitibus</strong></span> <span class='ocrx_word' id='word_1_404' title='bbox 1341 4638 1465 4707; x_wconf 75' lang='lat' dir='ltr'><strong>clatris·</strong></span> 
     </span>
    </p>
   </div>
   <div class='ocr_carea' id='block_1_4' title="bbox 0 0 1655 5517">
    <p class='ocr_par' dir='ltr' id='par_1_5' title="bbox 0 0 1655 5517">
     <span class='ocr_line' id='line_1_41' title="bbox 0 0 1655 5517; baseline 0 0"><span class='ocrx_word' id='word_1_405' title='bbox 0 0 1655 5517; x_wconf 95' lang='lat' dir='ltr'><strong> </strong></span> 
     </span>
    </p>
   </div>
  </div>
 </body>
</html>
