3284 5517
98 411 101 413 Α
162 333 226 390 284
402 327 669 404 lNQUISlTlO
691 325 898 394 PHYSICA
919 322 969 388 IN
994 315 1188 391 cuttstM

161 491 348 576 servationes
369 490 451 555 rofio
473 489 588 574 poterit
612 487 744 554 inveniri
773 487 856 552 inter
881 486 959 552 vires
986 485 1068 554 Solis
1092 496 1124 550 et
1155 483 1255 548 Lunae
1280 482 1442 552 absolutes

162 605 231 668 Set
245 604 285 681 L,
301 623 373 688 que
386 614 435 666 est
447 602 517 686 ipso
529 602 579 669 ris
593 601 656 687 qui
680 600 850 668 Nentonus
866 611 913 667 est
926 621 1000 666 usus
1014 599 1056 666 sd
1070 600 1133 664 vim
1147 597 1250 667 Lunre
1264 597 1444 665 absolutam·

161 708 380 786 definiendam,
403 704 476 772 crim
488 708 535 772 ris
551 708 632 773 Solis
650 707 690 771 sit
710 707 855 794 cognita:
879 705 964 791 qnod
977 707 1147 794 negotium,
1164 703 1236 770 crim
1250 727 1270 768 o
1284 703 1438 768 Newtono

161 835 226 876 non
240 813 312 877 satis
327 812 469 878 accurate
484 813 524 876 sit
536 823 769 898 pertractatum,
790 832 848 876 nos
869 810 904 874 id
917 834 958 875 ex
971 813 1038 876 istis
1052 811 1212 898 principiis
1227 809 1437 896 expediemus.

162 922 329 1006 Exprimut
348 923 445 1009 igitur
465 944 499 986 m
518 941 527 988 ε
548 943 572 987 n
584 923 737 989 rationem
758 920 991 990 intervallorum
1005 941 1123 998 eorum,
1146 941 1205 1004 per
1219 939 1290 1005 quoe
1305 936 1437 986 oceanus

160 1031 193 1094 in
218 1030 293 1094 doto
318 1031 429 1097 Terrae
457 1031 539 1107 loco,
575 1028 649 1096 crim
676 1031 710 1097 in
739 1028 871 1117 syzygiis
897 1027 1096 1096 luminarium
1120 1049 1218 1114 quum
1243 1025 1439 1112 quadraturis

160 1150 300 1220 tempore
320 1137 588 1223 aequinoctiorum,
610 1133 807 1215 ascendendo
820 1133 1100 1218 descendendoque
1121 1131 1298 1208 melleum
1319 1133 1438 1218 eritque

159 1244 537 1408 ιιιιιιιεὲη)ρ(ἷῖ-3
557 1299 591 1365 4
611 1235 1439 1405 &ww-Q&

161 1489 432 1578 quieliciturista
451 1462 753 1606 proportiom(q¹
775 1507 807 1572 4.
824 1445 1140 1631 {Q-ntm
1160 1507 1273 1572 4n=
1295 1447 1437 1612 [83:133

1399 1655 1428 1720 L

161 1722 203 1764 ex
216 1699 278 1786 qur
291 1696 364 1762 erm
378 1697 452 1761 nu
465 1697 505 1761 sit
517 1697 564 1760 vu
578 1719 598 1760 a
620 1695 693 1760 sore
707 1657 845 1814 011235„
866 1691 1031 1759 deducitur
1044 1693 1091 1758 vu
1105 1716 1124 1757 a
1138 1693 1230 1760 nunt
1245 1695 1375 1759 oriunda
1386 1743 1440 1822 137

162 1869 274 1934 saltem
297 1865 452 1952 proxime.
507 1865 708 1929 Instituamus
731 1861 883 1927 calculum
908 1883 967 1946 pro
982 1861 1256 1930 observationibus
1280 1865 1314 1926 in
1342 1865 1440 1927 Portu

164 1975 285 2041 Grotiae
300 1972 426 2057 (Havre
440 1970 481 2035 de
497 1969 613 2049 Gracc)
630 1969 726 2046 fectis,
745 1991 785 2032 ex
800 1968 912 2053 quibus
927 1967 1090 2054 diligenter
1105 1969 1186 2033 inter
1203 1993 1236 2034 se
1250 1969 1367 2034 collutis
1381 1992 1440 2054 pro

162 2081 286 2146 ratione
307 2102 340 2142 m
366 2096 376 2145 ε
404 2100 426 2140 n
446 2077 553 2162 prodit
572 2077 631 2139 ista
654 2081 693 2143 17
714 2092 723 2140 2
748 2083 796 2137 ll.
844 2072 924 2136 com
937 2073 1041 2159 igitur
1054 2073 1145 2159 hujus
1159 2075 1220 2138 loci
1234 2075 1364 2146 elevatio
1376 2076 1441 2160 poli

163 2189 204 2252 sit
224 2186 346 2250 circiter
360 2182 425 2248 50⁰.
441 2184 500 2248 erit
522 2181 550 2246 P
563 2211 598 2240 a
613 2181 672 2245 sin.
688 2178 752 2244 50⁰.
769 2192 801 2243 et
815 2178 849 2254 Q
862 2208 897 2236 =
912 2177 969 2240 sin.
986 2177 1049 2242 23⁰.
1066 2181 1148 2254 2923
1170 2179 1307 2266 hincque
1325 2203 1346 2266 q
1363 2203 1385 2266 q
1403 2190 1436 2258 -Ι-

161 2292 345 2479 {3:2-
363 2339 497 2408 1,0668:
525 2351 565 2394 ex
579 2351 642 2416 quo
655 2291 854 2456 prodibit}
868 2345 877 2394 t
892 2288 995 2453 b-L-32·
1011 2301 1126 2405 utero
1154 2347 1162 2396 τ
1192 2336 1232 2392 28
1243 2353 1253 2406 ;
1276 2329 1319 2392 ite
1340 2342 1376 2394 ut
1395 2329 1441 2394 vis

77 2513 82 2528 '
163 2540 265 2606 nune
282 2504 391 2668 Βξιῑι
403 2541 469 2610 fert
482 2540 658 2629 quiempu
671 2541 719 2606 vo
734 2539 815 2608 sne
831 2499 886 2666 ἐξ,
902 2550 938 2604 ut
946 2539 1013 2624 jam
1029 2537 1198 2608 sewum
1209 2543 1442 2610 announ-

164 2709 338 2776 vationibus
353 2713 524 2778 conclusit:
541 2724 634 2799 atque
648 2709 731 2775 hanc
745 2709 787 2774 ob
798 2729 864 2774 rem
878 2709 976 2796 ipsius
987 2708 1273 2776 determinationem
1284 2713 1329 2776 vis
1342 2712 1443 2777 L'unoe

164 2815 316 2880 absolutae
332 2815 361 2880 L
376 2817 569 2882 retinuimus.
1168 2861 1171 2868 =

207 2930 231 3006 l.
248 2933 299 2990 56.
325 2925 360 2989 si
374 2925 454 3002 hrec,
471 2948 541 3013 quae
562 2925 603 2988 de
623 2924 852 2990 combinatione
866 2925 979 2988 virium
995 2924 1118 2990 Lunam
1135 2925 1301 3012 Solemque
1317 2927 1443 3012 respici·

165 3030 288 3093 entibus
310 3043 382 3095 sunt
403 3032 505 3109 allate,
529 3029 673 3096 attentids
695 3031 940 3107 considerentur,
963 3052 1038 3093 mox
1051 3031 1170 3116 patebit
1183 3033 1335 3096 maximos
1350 3045 1443 3097 aestus

164 3148 340 3200 menstruos
354 3137 389 3200 in
401 3138 561 3201 novilunio
581 3161 618 3202 oc
638 3138 810 3222 plenilunio
828 3137 965 3202 incidere
979 3138 1112 3213 debere3
1133 3137 1183 3200 his
1200 3139 1282 3200 enim
1298 3141 1444 3224 tempori·

164 3243 224 3306 bus
240 3256 304 3308 tam
317 3245 448 3310 elevatio
462 3267 552 3332 oquoe
566 3245 660 3332 quim
674 3245 833 3330 depressio
847 3268 867 3308 a
881 3244 974 3308 Lune
987 3243 1120 3308 oriunda
1133 3266 1153 3306 u
1167 3243 1198 3305 vi
1215 3244 1299 3309 Solis
1309 3245 1444 3310 maxime

165 3351 339 3437 adjuvatur,
355 3351 428 3418 clm
441 3354 553 3419 eodem
566 3366 716 3439 tempore,
740 3373 812 3439 quo‘
822 3353 916 3416 Luna
931 3375 1044 3440 aquam
1057 3351 1192 3416 menime
1212 3355 1261 3418 rel
1282 3355 1382 3420 elevat
1396 3355 1445 3420 vel

166 3459 322 3544 deprimit,
339 3459 432 3524 simul
454 3485 578 3549 quoque
594 3463 675 3528 Solis
689 3465 735 3526 vis
750 3485 864 3549 equam
878 3462 1013 3526 maxime
1034 3463 1083 3527 vel
1104 3462 1202 3528 elevet
1216 3461 1265 3527 vel
1280 3464 1443 3548 deprimet.

167 3564 206 3629 In
228 3565 424 3651 quadraturis
444 3579 550 3632 eutem
570 3567 621 3632 lue
642 3569 715 3634 duae
735 3569 817 3632 vires
838 3567 901 3632 sere
922 3553 1075 3652 perpetui>
1096 3569 1289 3648 dimetrtiunt,
1313 3588 1350 3634 nc
1369 3569 1445 3634 dum

168 3669 260 3734 Luna
280 3693 393 3756 squam
413 3673 549 3738 maxime
568 3673 619 3738 vel
638 3673 738 3740 elevet
758 3673 807 3738 vel
829 3672 983 3757 deprimit,
1006 3674 1117 3738 eodem
1138 3692 1278 3760 tempore
1301 3676 1356 3742 Sol
1370 3699 1445 3742 oon·

166 3781 296 3848 tretium
317 3783 417 3849 exerit
437 3783 591 3860 effectum,
613 3807 789 3870 equumque
808 3783 944 3848 maxime
966 3784 1016 3850 vel
1037 3783 1184 3868 deprimit
1197 3786 1247 3850 vel
1273 3786 1382 3862 elevat,
1404 3807 1447 3850 ex

168 3909 231 3972 quo
243 3887 407 3953 minimum
421 3888 588 3952 discrimen
601 3888 682 3955 inter
696 3911 851 3975 quemque
864 3889 984 3952 fluxum
994 3911 1031 3954 sc
1042 3889 1280 3982 subsequentem
1291 3891 1446 3957 refluxum

165 3998 390 4077 observabitur,
414 4011 570 4085 aeenrsque
594 4012 687 4065 erunt
710 4000 841 4067 minimi
898 3999 1111 4074 Quamobrem
1137 4001 1219 4066 circs
1242 4001 1318 4066 abes
1342 4001 1446 4068 Lunm

164 4103 278 4188 pheses
301 4118 395 4170 oestm
416 4105 511 4170 moris
529 4105 669 4172 medium
684 4118 788 4176 terrem
800 4107 882 4172 inter
896 4107 1067 4170 memorum
1080 4107 1306 4194 minimumque
1319 4131 1445 4176 necesse

166 4225 223 4289 est,
246 4214 320 4298 quis
339 4225 408 4295 trun
427 4215 510 4280 vires
526 4215 608 4282 Solis
621 4237 659 4281 ec
674 4215 776 4282 Lunae
788 4237 848 4286 nec
862 4214 989 4284 omninb
1003 4217 1193 4301 conspirent,
1215 4239 1275 4282 nec
1288 4220 1347 4284 nbi
1367 4221 1446 4284 invi·

165 4338 233 4382 cem
246 4319 459 4386 adversentur.
504 4322 568 4386 Per
581 4334 682 4387 totum
695 4337 800 4391 sutem
813 4343 931 4388 annum
945 4323 1057 4410 quibus
1071 4323 1237 4392 noviluniis
1252 4328 1443 4411 pleniluniis-

165 4447 227 4511 que
240 4429 395 4492 maximus
409 4430 531 4494 eveniet
544 4445 649 4510 aestus,
663 4432 839 4518 quibusque
849 4431 1045 4517 quadraturis
1055 4435 1201 4502 minimus
1212 4450 1305 4502 estus
1316 4459 1445 4524 respon·

166 4530 247 4610 deut,
269 4529 410 4598 obsolute
430 4534 498 4600 sine
517 4549 660 4622 respectu
682 4537 725 4601 ud
745 4538 839 4603 situm
860 4538 922 4602 loci
942 4536 1049 4604 habito
1069 4539 1194 4608 definiri
1213 4542 1332 4629 nequit
1350 4608 1352 4616 s
1377 4544 1444 4616 Sub
