3284 5517
213 375 276 434 160
521 368 865 437 PHILOSOPHIAE
886 368 1163 437 NATURALIS
1195 368 1511 449 [patronusne

255 540 321 607 ure
335 540 469 607 xenon
485 543 632 609 reuss.
647 558 685 609 st„
698 557 760 609 ver
775 544 846 608 ror.
862 547 903 625 st
927 564 960 629 μ
975 564 1019 607 m.
1034 552 1165 609 omits
1183 542 1217 607 rn
1237 544 1435 628 peristentis
1449 544 1517 609 un·
1584 516 1590 529 '

144 702 149 711 .
211 651 311 717 tentia
324 674 345 715 a
358 652 447 717 stelit
470 652 502 717 Ε
522 665 591 718 erat
609 655 714 718 minor
734 650 827 739 qurim
849 659 889 738 ᾗ
905 654 937 717 A
952 652 992 729 Ε,
1008 653 1109 737 major
1123 650 1218 737 quiin
1232 654 1253 734 ᾗ
1268 653 1299 717 A
1315 651 1355 730 Ε,
1378 651 1518 741 ideoque

211 758 341 844 equalis
362 760 403 840 ᾖ
426 758 505 824 AE
524 760 690 844 proxime:
712 769 746 823 et
764 757 1026 847 angulusApE
1047 756 1191 823 nonnihil
1212 757 1433 837 obtususerst,
1458 760 1518 825 sed

210 869 278 934 fere
299 882 412 935 rectus.
456 870 582 955 Nempe
602 870 631 935 si
650 869 868 935 demitteretur
886 868 927 934 ed
945 868 1015 955 pE
1035 867 1296 955 perpendiculum
1315 869 1357 935 nb
1379 871 1421 948 A,
1449 870 1518 935 dis-

211 978 309 1044 tentia
322 991 455 1044 cometae
469 1002 490 1044 e
502 979 730 1065 perpendiculo
743 980 799 1045 illo
812 992 882 1045 erat
894 982 914 1060 ᾖ
928 1001 951 1065 p
968 978 1007 1047 Ε

257 1082 380 1149 Eidem
399 1096 493 1150 nocte
513 1084 593 1149 hori
613 1089 667 1168 9ῥ,
688 1099 821 1151 oometoe
835 1086 868 1151 in
884 1086 913 1153 P
927 1086 1088 1152 existemis
1103 1085 1251 1153 deontia
1264 1110 1284 1153 a
1298 1084 1386 1153 stolii
1403 1086 1432 1153 E
1447 1101 1520 1153 emt

210 1232 311 1317 major
325 1230 420 1318 quim
434 1201 477 1378 il}
492 1234 524 1297 A
539 1232 580 1312 E,
596 1232 700 1298 minor
713 1202 865 1361 quamg-l
882 1232 913 1299 A
931 1232 969 1312 E,
986 1232 1120 1320 ideoque
1134 1232 1263 1321 {equalis
1277 1202 1320 1381 ὲ
1335 1233 1367 1298 A
1391 1232 1432 1311 E,
1458 1256 1518 1299 seu

213 1405 253 1485 θ,
270 1402 301 1465 Α
317 1400 348 1466 Ε
363 1368 613 1489 quamproxime.
659 1403 690 1468 A
704 1336 932 1489 perpendiculo
946 1416 1050 1471 eutem
1065 1426 1085 1471 e
1099 1402 1189 1471 steliri
1205 1406 1237 1469 A
1252 1404 1293 1469 ad
1303 1415 1425 1469 rectam
1443 1403 1473 1471 P
1487 1403 1521 1469 E

210 1511 348 1576 demisso
362 1512 509 1578 distentia
523 1523 653 1578 eometre
667 1524 735 1579 eret
748 1512 769 1595 ᾗ
784 1512 813 1577 Ρ
829 1512 868 1579 Ε.

257 2741 321 2807 me
346 2740 427 2806 sons
453 2739 531 2805 reb.
546 2688 600 2808 rr.
615 2739 686 2804 ror.
709 2742 751 2822 a,
774 2760 806 2823 p.
820 2760 865 2805 m.
888 2750 1020 2805 comem
1042 2740 1076 2803 in
1093 2740 1128 2817 Q
1147 2740 1307 2807 extens
1326 2741 1482 2811 reema
1504 2770 1526 2811 a

212 2847 303 2913 stellis
327 2846 359 2913 Ο
381 2848 528 2933 aequobat
547 2846 726 2911 distantium
748 2844 911 2911 stellarum
934 2845 1017 2912 Oet
1038 2846 1085 2925 H,
1102 2860 1135 2913 et
1148 2862 1234 2915 recta
1257 2850 1337 2927 Qo
1357 2854 1524 2937 producte

211 2952 365 3018 transibat
383 2952 466 3016 inter
487 2950 593 3017 stellas
617 2951 649 3015 K
671 2962 704 3016 et
726 2950 765 3015 B.
812 2950 1006 3017 Positionem
1025 2951 1119 3038 hujus
1134 2966 1229 3019 reotae
1243 2954 1286 3019 ob
1300 2956 1404 3023 nubes
1419 2960 1525 3026 inter·

212 3060 374 3127 venientes
387 3060 487 3149 megin
501 3059 647 3125 accurate
661 3059 795 3125 definire
808 3082 873 3125 non
893 3062 991 3147 potui.

114 3178 118 3181 ’
255 3169 320 3235 Die
336 3168 451 3233 Martis
468 3167 566 3233 Mart.
584 3167 695 3235 l.hor.
711 3177 762 3236 ll.
779 3190 810 3254 p.
822 3190 866 3233 m.
881 3182 1003 3235 cometa
1016 3170 1050 3233 in
1067 3170 1260 3253 inexistens,
1276 3172 1372 3241 stellis
1389 3174 1423 3239 K
1440 3188 1476 3239 et
1493 3176 1524 3242 C

216 3275 361 3343 accurate
383 3275 595 3363 interjacebat,
618 3289 651 3342 et
665 3288 760 3341 rectae
784 3277 812 3341 C
830 3276 862 3340 R
878 3274 911 3341 K
931 3298 1005 3361 pars
1022 3277 1051 3341 C
1068 3278 1100 3342 R
1113 3279 1210 3363 paulo
1224 3282 1324 3367 major
1339 3296 1408 3346 eret
1421 3282 1524 3368 quriru

213 3384 905 3476 §CK,etpeulominorqurimfiCK-l·
923 3386 1520 3477 §CRideoqueoequalisicK-t-

215 3495 576 3582 ffiCRseussssCK.
631 3517 636 3527 ’
825 3492 828 3497 ’
1028 3546 1031 3555 .

258 3602 323 3667 Die
343 3602 497 3671 Mercurii
516 3603 615 3668 Mart.
630 3610 661 3667 t.
675 3602 746 3667 hor.
761 3612 790 3667 8.
805 3625 839 3688 p.
853 3624 896 3669 nt
912 3614 1043 3669 oometoe
1057 3604 1218 3670 existentis
1234 3606 1268 3669 in
1288 3606 1312 3671 S
1334 3605 1490 3671 distantia
1505 3630 1527 3672 a

213 3708 302 3774 stelit
328 3709 356 3774 C
378 3710 477 3792 eretz
497 3709 568 3774 FC
589 3708 837 3795 quamproxime.
882 3709 1042 3775 Distentis
1063 3710 1162 3776 stelle
1177 3710 1205 3775 F
1220 3735 1240 3775 e
1252 3710 1337 3777 recti
1354 3710 1384 3777 C
1400 3712 1426 3777 S
1446 3736 1527 3798 pro-

214 3816 310 3880 ducte
331 3828 399 3893 erat
413 3818 454 3897 ff,
477 3816 505 3879 F
521 3804 566 3893 c';
592 3828 626 3881 et
644 3815 791 3881 distantia
812 3814 910 3879 stelloe
926 3814 955 3879 B
970 3814 1010 3879 ab
1025 3814 1135 3881 eidem
1149 3816 1243 3894 reon,
1267 3829 1334 3881 erut
1348 3818 1527 3905 quintuplo

214 3926 316 4012 major
331 3924 426 4012 qur‘un
440 3923 589 3988 distentia
603 3924 701 3989 stellae
718 3924 754 3989 F.
801 3922 884 3988 Item
898 3932 984 3987 recte
1005 3922 1038 3987 N
1055 3924 1079 3988 S
1099 3922 1254 4009 producta
1267 3922 1424 3987 transibat
1440 3924 1529 3989 iuter

215 4035 321 4101 stellas
342 4034 379 4099 H
399 4046 431 4099 et
453 4034 482 4113 1,
507 4033 673 4119 quintuplo
694 4030 745 4097 vel
767 4030 914 4115 sextuplo
931 4031 1063 4116 propior
1081 4030 1217 4097 existens
1235 4028 1334 4096 stellae
1360 4028 1400 4095 H
1424 4030 1529 4118 quim

215 4143 315 4209 stellae
331 4142 357 4208 Ι.

259 4249 324 4314 Die
340 4250 468 4317 Seturni
483 4248 581 4314 Mart
598 4262 629 4316 5.
644 4249 713 4312 hor.
731 4250 792 4329 113
806 4269 840 4332 p.
854 4268 897 4309 ru.
912 4246 1033 4311 oometri
1047 4246 1200 4312 existente
1214 4246 1249 4311 in
1263 4244 1319 4325 Τ,1
1333 4258 1423 4311 recta
1439 4247 1482 4313 M
1496 4247 1530 4312 T

216 4356 345 4442 oequrrlis
363 4370 432 4421 erot
452 4360 473 4437 ᾖ
496 4356 536 4421 Μ
551 4355 592 4432 L,
615 4367 647 4419 et
663 4342 753 4419 'recta
767 4353 797 4418 L
813 4351 846 4418 T
863 4352 1018 4437 producta
1032 4352 1184 4421 transibat
1197 4354 1278 4417 inter
1294 4350 1324 4417 B
1339 4365 1372 4417 et
1388 4352 1429 4431 F,
1447 4376 1529 4440 qua-

216 4462 331 4548 druplo
346 4462 396 4528 vei
411 4460 579 4548 quintuplo
592 4462 723 4545 propior
739 4460 768 4525 F
781 4456 875 4545 quirin
893 4460 932 4536 Β,
949 4458 1092 4524 auferens
1107 4482 1126 4523 a
1142 4458 1172 4523 B
1185 4458 1212 4525 F
1227 4458 1367 4545 quintam
1384 4459 1438 4522 vel
1454 4482 1528 4524 sex·

217 4588 281 4637 tam
296 4573 363 4657 ejus
377 4584 501 4657 portem
515 4590 624 4633 versus
641 4568 677 4631 F.
718 4568 760 4631 Et
773 4566 813 4631 M
825 4565 858 4631 T
867 4566 1023 4651 producta
1032 4566 1184 4631 transibat
1198 4578 1287 4629 extra
1301 4566 1443 4649 spatium
1459 4566 1490 4631 B
1503 4567 1530 4631 F

217 4678 257 4743 ad
280 4690 385 4762 partes
407 4675 506 4740 steliae
529 4676 568 4754 B,
591 4674 771 4761 quadruplo
789 4673 920 4759 propior
942 4674 1079 4739 existens
1094 4672 1192 4741 stetlae
1209 4666 1348 4758 Bquinn
1362 4672 1469 4750 stelles
1492 4674 1520 4741 F
1519 4722 1527 4738 .
1621 4758 1622 4763 ἵ
