3284 5517
77 428 94 453 ,
218 382 281 441 226
327 410 351 441 ·.
518 373 584 441 DE
607 372 759 440 CAUSA
786 374 992 441 PHYSICA
1015 374 1206 441 FLUXUS

218 570 280 636 tur,
304 580 371 623 esse
392 556 601 649 sphcroidem
622 558 758 623 oblatam
781 557 881 643 qualis
902 558 1042 647 gignitur
1066 570 1154 622 motu
1176 558 1383 643 semi-ellipsis
1406 558 1505 626 Bab

219 667 303 733 circs
333 690 424 732 exem
454 668 607 731 minorem
637 667 676 751 (si
705 668 835 733 materis
860 666 971 731 Terre
1000 688 1058 751 pro
1078 666 1244 753 'aequslitsr
1269 666 1365 731 densis
1390 668 1505 733 habes·

217 776 282 855 tur)
298 778 301 784 '
320 774 599 839 semi-diametrum
634 774 800 859 aequatoris
837 794 905 838 esse
938 774 979 838 ed
1249 790 1252 794 ·

218 884 401 948 semi-axem
427 896 462 948 ut
483 883 618 970 gravitas
644 882 702 946 sub
727 882 808 967 polis
834 883 867 945 in
893 882 974 946 Ter·

218 1016 285 1058 ram
308 994 417 1059 estad
439 1016 600 1057 excessum
622 992 781 1079 gravitatis
799 1014 899 1076 suprs
915 994 979 1055 vim

218 1100 423 1189 centn'sugsm
444 1101 502 1167 sub
526 1114 693 1188 oequstnre,
719 1122 834 1184 corpus
856 1100 889 1163 in
907 1100 979 1164 loco
1052 1138 1059 1153 ·

120 1243 123 1257 ·
218 1210 328 1299 quovis
355 1211 382 1275 P
405 1210 534 1275 tendere
556 1207 664 1273 versis
690 1208 825 1271 Terram
853 1207 885 1269 vi
907 1228 978 1292 quae

217 1328 265 1381 est
294 1338 416 1402 semper
443 1304 479 1380 ut
504 1328 589 1380 recte
616 1314 642 1379 P
663 1314 693 1378 L
714 1312 979 1397 perpendicularis

218 1426 319 1511 ellipsi
344 1423 541 1511 generatrici
554 1435 585 1487 et
608 1421 660 1485 axi
681 1420 791 1507 majori
813 1440 980 1484 occurrens

216 1539 248 1601 in
284 1535 323 1611 L,
358 1547 390 1599 et
418 1556 596 1598 mensuram
628 1532 763 1617 denique
792 1531 909 1618 gradis
944 1532 978 1594 in

217 1642 391 1705 meridiano
416 1661 484 1705 esse
513 1660 635 1723 semper
663 1650 700 1701 ut
728 1638 827 1701 cubus
846 1627 992 1721 'ejusdem
1017 1650 1111 1701 rectoe
1138 1634 1230 1701 PL.
1289 1632 1376 1699 Haec
1399 1638 1505 1701 omnis

221 1748 363 1815 accurate
393 1747 646 1813 demonstrantur
676 1768 718 1809 ex
748 1745 808 1809 hac
842 1744 1082 1831 Proposition03
1116 1768 1187 1832 quoe
1212 1746 1352 1832 quemvis
1375 1722 1415 1809 'in
1439 1746 1506 1810 dis·
1561 1771 1563 1774 ·

90 1912 93 1937 ,
218 1860 384 1946 quisitione
405 1858 445 1922 de
465 1842 567 1945 fignri
588 1856 700 1921 Terrae
721 1854 828 1918 exinrii
845 1852 919 1919 usts
945 1856 1016 1933 sint,
1041 1855 1095 1919 hic
1113 1853 1214 1919 obiter
1231 1864 1351 1917 tantum
1374 1876 1504 1919 monere

217 1968 370 2033 convenit.

741 2180 915 2282 nnMMn
938 2182 978 2245 v,

261 2373 312 2439 Sit
326 2374 428 2461 figure
442 2374 559 2461 quoevis
575 2375 606 2438 A
624 2372 699 2438 Bs:
722 2374 916 2439 describatur
930 2372 1063 2437 circulus
1080 2373 1108 2437 C
1124 2374 1157 2438 N
1173 2372 1211 2437 H
1225 2385 1333 2437 centro
1348 2371 1389 2450 A,
1413 2370 1502 2435 radio

216 2484 327 2569 quovis
349 2484 423 2549 dato
445 2486 477 2549 A
493 2484 541 2562 C;
564 2506 605 2548 ex
627 2485 658 2548 A
679 2482 831 2549 educatur
850 2496 934 2548 recta
955 2484 1072 2570 quoevis
1094 2486 1125 2548 A
1142 2486 1178 2549 Μ
1202 2506 1369 2549 occurrens
1390 2482 1503 2569 figurre

216 2596 243 2659 A
264 2596 328 2660 Ba
348 2596 381 2659 in
404 2595 453 2673 M,
475 2593 751 2670 etcirculoinN3

215 2700 278 2763 sint
299 2698 338 2765 M
353 2698 386 2774 Q
405 2712 437 2763 et
452 2700 485 2763 N
501 2702 531 2763 R
545 2698 752 2785 perpendicu·
792 2718 822 2785 h

215 2810 297 2873 lares
320 2811 352 2872 in
374 2832 466 2874 axem
488 2810 597 2873 datum
620 2811 687 2888 Aa,
711 2810 751 2875 sit

218 2919 249 2983 K
262 2920 292 2983 R
313 2940 436 3003 semper
455 2919 582 3004 aequalis
604 2918 748 2982 abscissae

216 3025 247 3088 A
270 3024 312 3101 Q,
340 3038 372 3087 et
391 3025 438 3088 vis
461 3024 522 3110 quis
543 3024 696 3109 particula
717 3026 749 3089 A

216 3118 345 3219 urgetnr
371 3131 479 3197 versirs
503 3133 636 3197 solidum
662 3146 750 3198 motu

215 3240 327 3327 figurae
351 3242 381 3305 A
397 3240 426 3305 B
442 3264 461 3305 s
482 3242 565 3305 circa
579 3262 670 3305 exem
684 3242 749 3305 Aa
877 3282 894 3316 '2

213 3352 365 3438 genitum,
403 3351 462 3415 erit
491 3364 526 3416 ut
555 3374 627 3417 ares
656 3372 749 3437 quarn
839 3422 840 3427 η

213 3470 344 3544 generat
365 3459 508 3523 ordinata
531 3460 611 3525 KR
633 3458 749 3523 directe

213 3578 244 3629 et
259 3565 364 3629 radius
381 3567 411 3630 A
428 3566 457 3630 C
472 3566 602 3630 inverse.

259 3676 413 3741 Occurrat
442 3677 504 3741 slis
532 3688 617 3741 recta
647 3698 687 3740 ex
717 3678 748 3740 A

212 3784 326 3849 educte
343 3785 454 3874 figurae
475 3786 508 3849 in
531 3807 563 3849 m
584 3797 616 3849 et
635 3784 752 3849 circulo
826 3782 831 3792 '

211 3895 245 3958 in
261 3918 292 3973 n,
317 3896 441 3982 sintque
462 3918 531 3983 rnq
552 3907 584 3961 et
603 3917 658 3959 nr
675 3916 750 3957 nor·

211 4006 308 4070 males
317 4008 349 4071 in
361 4030 453 4072 axem
464 4009 496 4072 A
507 4031 535 4072 a.
564 4008 613 4073 Sit
624 4008 654 4071 A
667 4006 693 4069 Z
704 4027 750 4068 ze

210 4116 272 4179 alis
286 4117 382 4180 sectio
397 4116 488 4180 solidi
502 4138 560 4201 per
574 4136 676 4191 axem,
697 4113 748 4176 cui

209 4237 375 4288 occurrant
388 4222 529 4309 plensA
547 4224 637 4300 ΜΖ,
652 4221 683 4287 A
700 4240 733 4283 m
753 4218 845 4304 zipsi
864 4208 1302 4281 AMsmsmslisinrectis
1317 4206 1401 4284 AZ,
1424 4204 1497 4281 Ar,

209 4352 280 4417 quoe
296 4334 444 4398 circulum
461 4334 551 4398 radio
567 4336 598 4399 A
616 4332 643 4395 C
665 4331 698 4393 in
719 4330 815 4414 pleno
830 4329 862 4391 A
878 4327 905 4391 Z
919 4350 938 4389 z
952 4350 972 4389 a
985 4325 1179 4408 descriptum
1191 4333 1298 4387 secent
1311 4320 1345 4383 in
1360 4318 1396 4381 X
1409 4329 1443 4381 et
1454 4339 1498 4391 κς

209 4436 344 4523 denique
359 4460 450 4503 arcus
467 4440 506 4504 M
517 4462 537 4503 ο
552 4436 712 4503 circularis
727 4447 837 4499 centro
850 4434 882 4497 A
894 4432 1071 4517 descriptus
1085 4439 1230 4494 occurret
1243 4428 1275 4491 A
1283 4448 1314 4489 nr
1329 4425 1363 4487 in
1377 4446 1407 4487 ο.
1434 4422 1499 4487 His

208 4544 327 4629 positis,
351 4545 510 4609 minuetur
532 4542 665 4631 angulus
686 4552 853 4607 contentus
873 4540 974 4624 plenis
998 4541 1030 4604 A
1045 4536 1086 4603 M
1098 4560 1129 4615 s,
1152 4537 1185 4602 A
1200 4535 1227 4601 Z
1241 4558 1269 4611 s,
1290 4544 1322 4597 et
1335 4530 1428 4597 §mul
1443 4550 1498 4595 cn-

208 4654 302 4743 ptlus
318 4654 357 4720 M
368 4656 399 4721 A
411 4676 443 4717 m
458 4654 561 4719 donec
575 4666 769 4729 evanescant,
786 4662 817 4715 et
832 4650 942 4715 ultima
955 4649 1037 4720 ratio
1050 4649 1097 4712 vis
1110 4646 1174 4733 qui
1187 4643 1340 4731 particula
1354 4644 1386 4707 A
1400 4640 1499 4706 tendit
