3284 5517
232 392 295 449 330
481 382 746 460 INQUISITIO
770 379 975 448 PHYSICA
997 381 1047 446 IN
1071 377 1265 446 CAUSAM

230 555 445 641 depressiones
460 577 550 642 aquae
570 577 628 640 per
646 567 746 620 totum
759 577 846 620 mare
860 553 976 619 attente
990 552 1243 618 considerentur:
1266 563 1332 616 tota
1346 553 1428 616 enim
1439 551 1504 616 hec

229 665 360 749 questio
374 665 541 750 pertinebit
554 665 598 728 ad
614 665 868 750 hydrostaticam.

272 780 297 855 ᾗ.
326 783 397 838 114.
435 772 518 839 Crim
548 775 644 860 igitur
667 774 710 840 ad
733 775 838 839 littora
871 774 1008 857 Europae
1033 794 1115 858 equa
1139 770 1252 836 elevari
1277 781 1421 855 nequeat,
1446 768 1503 832 nisi

229 883 361 948 affluxua
375 884 416 948 ab
430 884 591 949 occidente
604 884 661 948 fiat
674 884 830 974 copiosus,
853 883 894 948 ad
913 883 1018 948 littora
1031 903 1102 968 quae
1116 878 1223 944 tersius
1238 879 1431 944 occidentem
1444 899 1504 940 res·

228 991 349 1076 piciunt
368 1015 450 1079 aqua
469 991 586 1061 directe
607 994 648 1058 ab
668 995 830 1059 occidente
851 993 1003 1069 adveniet,
1026 1013 1097 1078 quas
1116 1001 1221 1056 autem
1242 991 1348 1056 littora
1363 989 1404 1054 ad
1417 989 1503 1052 aliam

228 1099 355 1188 plagam
375 1113 448 1166 suut
467 1101 626 1186 disposita,
648 1123 739 1188 aquae
759 1123 869 1166 cursus
891 1098 998 1164 vereris
1020 1099 1173 1166 orientm
1185 1099 1322 1164 directus
1337 1099 1503 1162 inflectatur

224 1210 316 1294 juxta
334 1210 450 1289 littora,
470 1211 653 1297 priusquam
673 1210 713 1275 eb
732 1210 899 1296 pertingat,
926 1209 1054 1274 omnino
1078 1208 1123 1274 uti
1148 1208 1299 1292 inspectio
1325 1227 1502 1290 mapparum

229 1316 362 1383 docebit.
401 1319 561 1394 Quoniam
573 1319 649 1384 verb
663 1320 723 1384 iate
736 1341 828 1405 aquae
837 1321 935 1404 Juxta
942 1318 1047 1383 littora
1059 1318 1163 1384 fluxus
1177 1329 1295 1382 tantam
1309 1316 1501 1390 celeritatem,

224 1437 377 1508 *quantam
397 1425 492 1490 babet
513 1425 617 1502 Luna,
639 1427 776 1510 racipere
796 1425 915 1511 nequit,
939 1446 1067 1490 necesse
1087 1437 1143 1502 eat,
1166 1437 1203 1488 ut
1221 1424 1326 1488 fluxus
1346 1422 1389 1486 ad
1406 1421 1503 1486 lina·

227 1532 327 1618 rnagia
349 1532 392 1596 ad
415 1533 566 1598 orientem
590 1533 650 1598 sita
672 1531 791 1598 tardiris
816 1531 998 1598 advehatur.
1044 1531 1128 1596 Haec
1153 1541 1258 1596 autern
1276 1529 1385 1596 vereris
1405 1529 1503 1593 littora

228 1639 427 1704 orientaliora
446 1640 615 1704 retardatio
634 1639 770 1704 maxime
790 1641 955 1725 perspicua
969 1641 1063 1704 estin
1076 1641 1228 1724 portubus
1245 1640 1371 1718 Galliae,
1395 1637 1499 1725 Belgi,

228 1745 365 1833 Anglioe,
381 1758 414 1812 et
429 1747 612 1825 Hiberum
626 1747 699 1812 crim
713 1748 797 1812 enim
810 1749 854 1812 ad
866 1748 945 1812 ostia
958 1747 1124 1812 fluviorum
1140 1748 1313 1814 Garumnae
1327 1760 1360 1810 et
1375 1743 1500 1832 Ligeris,

229 1875 300 1939 quae
324 1852 432 1920 versts
456 1877 608 1921 oceanum
635 1856 858 1942 amplissimum
882 1869 1000 1940 patent,
1030 1869 1170 1940 tempore
1198 1854 1441 1940 pleniluniomm
1468 1873 1501 1914 ac

227 1961 458 2026 noviluniorum
478 1964 582 2027 fluxus
603 1963 772 2028 adveniunt
791 1961 870 2028 hort
891 1961 981 2028 tertii
1003 1961 1225 2046 pomeridiana,
1248 1983 1320 2048 quae
1341 1959 1501 2026 retardatio

227 2064 376 2127 naturalis
397 2068 517 2130 censeri
536 2077 648 2150 potest,
669 2088 771 2153 neque
790 2066 947 2132 littoribus
968 2066 1071 2130 adhuc
1091 2067 1234 2142 turbator
1255 2066 1330 2130 hino
1351 2087 1431 2152 aqua
1451 2063 1500 2128 de-

227 2191 315 2233 mum
328 2169 370 2234 ad
394 2170 499 2236 littora
523 2171 694 2264 Britanniae
714 2171 851 2236 Minoris
873 2193 911 2236 aa
933 2171 1135 2246 Normanniae
1159 2173 1379 2260 progreditur3
1416 2184 1500 2256 atque

227 2279 345 2344 idcirco
370 2279 455 2344 his'
445 2303 479 2344 ιιι
502 2257 681 2367 regionibus
705 2282 809 2344 fluxus
834 2279 954 2346 tardiirs
979 2283 1102 2346 evenire
1126 2282 1341 2347 observantur.
1388 2282 1439 2348 Sic
1462 2275 1499 2342 ad

228 2388 362 2458 Portum
378 2391 412 2454 S.
429 2389 520 2454 Malo
533 2402 675 2476 tempore
688 2391 884 2478 syzygiamrn
897 2391 1001 2456 fluxus
1015 2390 1141 2456 demum
1162 2390 1240 2456 horit
1254 2390 1342 2456 sexta
1358 2389 1499 2474 sequitur,

229 2497 270 2561 ad
295 2498 375 2563 ostia
399 2497 475 2562 verb
491 2500 645 2585 Sequanae
667 2521 765 2585 usque
785 2499 828 2564 ad
847 2499 959 2564 horam
979 2521 1096 2562 nonam
1115 2499 1310 2564 retardatur:
1349 2511 1441 2586 atque
1460 2496 1500 2558 ita

226 2623 323 2686 porro
344 2603 513 2668 retardatio
533 2617 674 2692 augetur,
697 2603 799 2668 donec
819 2593 944 2668 taudem
958 2604 992 2668 in
1008 2605 1102 2669 Freto
1118 2604 1242 2669 Gallico
1255 2605 1460 2689 Dunkerquar
1473 2611 1501 2664 et

230 2714 381 2778 Ostende
394 2713 497 2779 medii
510 2728 602 2780 noete
622 2713 748 2780 incidat
792 2714 846 2778 Ex
858 2713 919 2778 hac
933 2713 1007 2778 verb
1021 2715 1227 2780 retardatione
1249 2714 1414 2778 innotescit
1427 2711 1500 2776 cele·

228 2822 305 2886 ritas
318 2845 418 2908 aquae,
434 2823 496 2908 quai
505 2825 597 2908 juxta
616 2824 722 2888 littora
741 2823 950 2910 progreditur,
972 2843 1069 2908 eaque
1088 2833 1174 2887 tauta
1186 2822 1431 2907 deprehenditur
1445 2814 1500 2904 qui

228 2927 292 3010 uni
311 2928 390 2994 horti
405 2931 537 3013 spatium
552 2932 675 2996 circiter
689 2931 734 3014 (†)
750 2940 780 2995 8.
794 2931 973 2996 milliarium
987 2931 1141 2996 conficiat.
1184 2931 1332 3017 Denique
1345 2951 1425 3016 aqua
1438 2939 1499 2990 tau-

228 3046 293 3108 tam
313 3035 378 3100 fere
392 3037 474 3100 viam
488 3037 646 3102 absolvere
659 3036 754 3102 debet
773 3037 926 3124 usquead
945 3035 1131 3114 Dublinum,
1155 3049 1302 3122 quantam
1316 3036 1359 3100 ad
1378 3035 1499 3100 Fretum

228 3142 396 3222 Gallicum,
419 3167 459 3208 err
473 3146 652 3231 quoduam
665 3146 758 3212 etiam
777 3146 912 3212 Ilublini
925 3145 1003 3212 honi
1019 3147 1140 3212 circiter
1154 3127 1499 3230 ‹recinupomenitiant

227 3248 386 3315 observari
399 3250 487 3316 solet.
531 3253 637 3338 Atque
651 3253 743 3318 simili
757 3253 853 3318 modo
867 3253 1034 3318 retardatio
1047 3233 1189 3341 flantium
1204 3253 1245 3318 ad
1257 3251 1363 3318 littora
1376 3249 1498 3316 aliarum

226 3358 391 3445 regionum
404 3358 470 3424 sine
485 3359 548 3424 ultt
562 3360 744 3426 difficultate
757 3360 906 3444 explicari
920 3360 1043 3444 poterit.
1159 3405 1162 3410 ,
1293 3393 1296 3396 ·

269 3468 381 3546 tll5.
414 3465 512 3540 Quod
536 3478 640 3532 autem
662 3465 704 3531 ad
728 3467 931 3552 quantitatem
956 3465 1049 3530 aratirs
1073 3465 1167 3530 maris
1192 3465 1233 3530 ad
1256 3464 1361 3530 littora
1384 3460 1496 3529 attinet,

225 3568 319 3634 facile·
336 3570 519 3658 intelligitur
538 3584 651 3638 testum
672 3573 766 3636 maris
787 3573 829 3637 ad
850 3573 955 3638 littora
973 3575 1120 3658 majorem
1135 3595 1203 3638 esse
1216 3573 1341 3652 debere,
1358 3567 1449 3659 quim
1468 3564 1498 3625 in
1596 3557 1599 3563 ¹

225 3677 330 3741 medio
353 3680 442 3744 mari.
487 3678 596 3746 Primi>
615 3682 699 3746 enim
724 3704 806 3767 aqua
826 3704 898 3746 cum
920 3681 1038 3766 impetu
1061 3683 1101 3746 ad
1123 3683 1228 3747 littora
1247 3683 1357 3760 allidit,
1380 3701 1418 3744 ex
1439 3691 1498 3760 q11⁰

225 3787 344 3873 allapsu
358 3788 426 3852 solo
434 3790 502 3873 jam
515 3790 752 3855 intumescentia
765 3791 841 3856 oriri
855 3789 957 3856 debet
1001 3790 1126 3855 Deinde
1140 3791 1287 3877 quoniam
1300 3814 1382 3878 aqua
1395 3784 1497 3850 eidem

225 3898 393 3975 celeritate,
418 3921 511 3984 quam
531 3898 668 3964 habebat
687 3921 817 3976 oceano,
840 3899 895 3966 ubi
917 3899 1053 3962 maxima
1066 3911 1113 3962 est
1130 3899 1334 3983 profunditas,
1357 3883 1499 3983 progre(li

224 4016 365 4082 conatur,
388 4005 430 4068 ad
450 4005 556 4070 littora
575 4005 705 4091 locaque
725 4005 842 4070 vadosa
855 4003 1052 4070 vehementer
1066 4005 1263 4092 inturgescet,
1285 4016 1406 4070 tautum
1420 3995 1497 4061 enim

222 4109 289 4174 fere
303 4131 394 4196 aquoe
406 4110 449 4176 ad
468 4110 575 4174 littora
587 4110 725 4188 affertur,
748 4122 900 4196 quantum
914 4110 1068 4176 sufficeret
1081 4109 1123 4174 ad
1137 4111 1279 4194 spatium,
1296 4107 1388 4196 quod
1402 4103 1497 4168 Tem

224 4229 367 4303 occupat,
382 4218 608 4284 inuadendum.
638 4218 750 4284 Tertid
763 4221 822 4284 iste
836 4241 926 4306 aquae
939 4218 1072 4284 affluxus
1086 4220 1119 4282 in
1134 4219 1252 4284 sinibus
1266 4219 1388 4284 uadosis
1400 4203 1496 4302 multo

223 4325 329 4392 adhuc
349 4328 449 4414 magia
470 4327 642 4394 increscere
655 4327 810 4406 debet,
774 4351 814 4392 eo
829 4329 915 4415 quod
928 4350 1009 4414 aqua
1021 4327 1070 4392 his
1086 4329 1118 4396 iu
1132 4327 1208 4392 locis
1219 4331 1285 4414 jam
1299 4328 1431 4392 multum
1443 4337 1495 4399 ⁸P·

253 4489 1228 4603 (†)1aregnurtnexempnrr1’msinc,pmculmniaamtquahorim
1243 4491 1310 4540 fluu
1293 4497 1456 4592 uarrtfprrum

220 4554 327 4603 drrrnbro
328 4555 474 4610 etotlndosd.
486 4557 850 4608 lrrrocorertituereuonmmua
879 4557 985 4621 quiideo
996 4557 1173 4608 romntioran
1154 4553 1433 4622 airrgnlialrorirndmim

219 4619 409 4677 aurinhaco
430 4621 558 4667 Garurunoe
522 4622 850 4682 nsdDuininblumqu·
881 4623 1013 4671 metiretur
1049 4609 1495 4684 umbuproedlrfflb

220 4681 505 4747 germairciterltclira
519 4684 628 4735 milliaris
643 4695 797 4734 ιιιιιιιιιιιιιιιι
811 4684 904 4734 rioci
881 4686 1174 4749 mnbeudeconjectamur.
