3284 5517
443 365 634 432 FLUXUS
654 368 717 439 Ac
741 367 994 434 REFLUXUS
1017 366 1178 434 MARIS.
1391 378 1453 435 als

168 531 269 618 spatio
289 554 309 598 a
330 543 439 598 centro
457 535 618 622 gravitatis
640 537 762 600 interea
779 557 929 620 percurso
945 549 992 600 est
1005 535 1215 600 estimandus.
1261 535 1337 600 Hoc
1358 536 1454 623 igitur

167 660 251 716 cusu,
273 661 337 724 quo
359 638 470 704 Terrae
483 641 682 725 superficiem
696 641 828 706 solidam
843 643 884 706 ad
899 663 931 705 m
946 663 967 706 n
982 665 1080 738 usque
1100 644 1278 730 pertingere
1293 643 1451 728 ponimus,

166 748 340 832 reperietur
353 760 496 813 centrum
510 751 670 838 gravitatis
683 774 793 816 massae
807 774 831 815 n
847 752 874 816 F
889 753 929 818 M
943 775 975 816 m
988 752 1052 816 iere
1066 752 1156 839 reque
1171 753 1311 818 celeriter
1325 775 1453 838 promo·

166 857 232 918 veri
254 855 370 920 debere
391 878 427 920 ac
449 871 601 941 punctum
616 859 658 935 A,
679 881 719 923 ex
733 881 797 944 quo
811 859 877 944 ejus
893 858 1032 923 celeritas
1047 871 1133 922 tanta
1148 882 1214 923 esse
1229 859 1366 936 deberet,
1391 859 1452 946 qud

166 979 308 1052 tempore
322 969 415 1031 unius
428 969 517 1032 horae
528 971 662 1053 spatium
671 969 736 1034 fere
748 979 787 1034 15
799 969 951 1057 graduum
967 990 1150 1053 percurrere
1164 983 1278 1052 posset,
1291 992 1362 1055 qnae
1371 969 1452 1034 cele-

170 1077 246 1140 ritas
260 1077 399 1162 undique
412 1077 493 1141 foret
503 1078 639 1141 enormis
654 1100 691 1142 ac
705 1076 867 1162 stupenda.
898 1078 943 1142 At
957 1077 985 1142 si
998 1078 1077 1140 mari
1095 1075 1339 1161 profunditatem
1353 1080 1452 1162 majo-

166 1205 234 1248 rem
246 1183 430 1260 tribuamna,
453 1183 569 1250 scilicet
582 1183 624 1247 ad
642 1211 666 1260 μ
685 1211 696 1246 ι
716 1207 824 1270 usque,
847 1195 915 1248 turn
929 1183 983 1248 illa
997 1184 1138 1248 celeritas
1153 1183 1253 1248 multb
1267 1184 1323 1248 flet
1336 1185 1450 1263 minor,

60 1372 63 1376 Α
165 1290 322 1356 decrescet
335 1313 470 1377 namque
483 1292 516 1354 in
531 1292 641 1356 eadem
654 1294 775 1356 ratione
789 1295 895 1379 inqua
908 1293 1103 1383 profunditas
1112 1293 1233 1358 crescit.
1262 1293 1344 1357 Cum
1354 1294 1452 1380 igitur

165 1399 305 1464 celeritas
325 1400 430 1475 maria,
451 1421 524 1484 quaa
549 1398 622 1463 antri
642 1401 675 1463 in
690 1424 725 1464 se
738 1411 877 1484 spectata
889 1403 1017 1466 inventa
1031 1414 1078 1466 eat
1092 1403 1212 1466 cosinui
1233 1402 1322 1488 dupli
1344 1402 1452 1492 anguli

167 1505 208 1572 M
225 1508 254 1572 C
270 1509 301 1573 A
314 1507 568 1592 proportionalis,
584 1508 624 1572 ed
637 1509 693 1572 fiat
707 1510 820 1587 minor,
843 1531 907 1595 quo
921 1511 1070 1594 majorem
1083 1531 1170 1573 marc
1184 1509 1299 1575 habeat
1321 1509 1451 1595 profun-

166 1617 305 1694 ditatem,
334 1617 454 1680 tenebit
481 1639 520 1680 ea
549 1617 584 1679 in
611 1639 735 1702 quoque
758 1616 830 1680 loco
854 1617 1006 1684 rationem
1030 1617 1233 1702 compositam
1260 1639 1301 1680 cx
1329 1617 1450 1682 ratione

164 1723 283 1790 directi
299 1724 423 1788 corinda
438 1724 527 1807 dupli
541 1724 647 1810 anguli
662 1723 703 1788 M
715 1725 743 1788 C
755 1725 786 1789 A
800 1736 893 1812 atque
908 1724 1084 1790 eximeret
1101 1709 1331 1810 profunditatis.

164 1865 169 1872 ·
213 1835 237 1911 §.
254 1838 305 1894 95.
329 1830 435 1893 Datur
449 1841 553 1894 autem
566 1829 645 1892 alius
659 1828 771 1893 modus
786 1830 975 1894 celeritatem
990 1830 1084 1894 maris
1098 1828 1332 1909 horiaonmlem,
1348 1829 1450 1915 positi

50 2021 54 2030 ἱ
166 1936 292 2013 scilicet,
308 1935 424 2022 ubique
445 1935 655 2020 profunditate
671 1935 791 2012 eidem,
807 1935 1045 2014 determinandi,
1069 1938 1123 2022 qui
1138 1949 1241 2000 tamen
1256 1936 1297 2001 ad
1312 1937 1450 2002 diversas

163 2042 389 2127 profunditates
411 2055 506 2127 patet,
528 2043 555 2106 si
576 2065 648 2107 cum
669 2045 790 2108 ratione
810 2043 996 2108 inveniendi
1011 2047 1239 2130 conjungamus
1254 2045 1449 2130 reciprocum

165 2149 415 2235 profunditatum
428 2153 474 2216 uti
488 2150 633 2226 fecimus3
655 2151 882 2236 deduciturque
896 2151 947 2216 hic
962 2152 1075 2216 modus
1090 2174 1129 2216 ex
1144 2165 1231 2216 motu
1247 2154 1341 2216 maris
1355 2154 1451 2218 verti-

125 2331 129 2338 ,
165 2260 234 2336 cali,
262 2282 324 2344 quo
346 2258 445 2322 modd
470 2258 609 2322 ascendit
632 2257 728 2323 modd
753 2258 924 2336 descendit,
948 2261 1002 2345 qui
1018 2261 1084 2344 jarn
1107 2260 1201 2344 supra
1223 2274 1269 2326 est
1291 2262 1448 2327 definitus.

171 2369 281 2434 Primb
306 2371 390 2433 enim
413 2367 611 2432 manifestrnn
636 2378 692 2444 est,
720 2366 746 2430 si
768 2387 855 2430 mare
870 2365 985 2452 ubique
1007 2365 1117 2430 eidem
1141 2365 1308 2444 celeritate,
1335 2367 1451 2454 (posita

166 2476 380 2561 profunditate
393 2476 508 2560 ubique
522 2475 648 2562 aequali)
670 2475 702 2536 in
717 2474 849 2538 eandem
863 2474 989 2560 plagam
1002 2487 1249 2559 promoveretur,
1273 2489 1340 2540 tum
1355 2477 1451 2542 etiam

168 2585 363 2662 altitudinem
384 2607 564 2649 mansuram
586 2606 652 2648 esse
673 2583 806 2648 eandem
820 2585 945 2672 ubique,
970 2605 1071 2674 neque
1087 2585 1183 2648 ullam
1196 2587 1401 2652 mutationem
1416 2587 1450 2650 in

164 2694 336 2758 elevatione
350 2715 440 2778 aquae
455 2705 594 2756 orturam
608 2715 684 2756 esse.
726 2693 771 2756 At
785 2695 812 2755 si
827 2717 908 2778 aqua
921 2706 1009 2759 motu
1023 2695 1202 2780 insequabili
1216 2695 1448 2783 progrediatur,

165 2797 364 2866 manifestum
384 2799 489 2864 estiis
509 2799 542 2861 in
563 2798 650 2879 locis,
673 2799 727 2862 ubi
748 2799 888 2864 celeritas
910 2801 1104 2878 diminuitur,
1131 2825 1246 2890 aquam
1270 2813 1450 2890 turgescere

165 2920 259 2994 atque
284 2909 365 2972 adeo
389 2907 503 2971 elevari
528 2906 653 2982 debere,
679 2907 827 2990 quoniam
856 2908 926 2993 plus
953 2931 1044 2995 aquae
1069 2908 1168 2974 affluit
1192 2910 1287 2994 quim
1316 2910 1449 2987 defluit3

166 3012 371 3078 contriveris
393 3013 449 3076 ubi
470 3012 611 3076 celeritas
631 3032 722 3096 aquoe
745 3027 872 3090 crescat,
899 3015 942 3078 ibi
964 3037 1076 3100 aquam
1106 3016 1266 3084 subsidere
1291 3029 1448 3101 oportere.

165 3119 274 3194 Quare
295 3117 368 3183 crim
390 3117 521 3181 elevatio
541 3128 574 3182 et
594 3115 752 3200 depressio
774 3119 867 3182 maris
883 3119 1019 3184 amonis
1033 3122 1223 3210 progressisi
1244 3121 1448 3188 horizontalis

162 3225 371 3310 inaequalitam
385 3222 529 3306 pendeat,
545 3221 651 3286 licebit
663 3244 723 3306 pro
738 3225 847 3310 quovis
861 3225 931 3290 loco
945 3226 1026 3292 hanc
1045 3227 1289 3314 inaequalitatem
1303 3229 1447 3310 definire,

163 3353 205 3395 ex
225 3341 313 3395 motu
341 3327 489 3394 ascensius
510 3339 543 3392 et
561 3327 728 3394 descensis
750 3331 886 3415 cognito.
943 3329 1024 3396 cnm
1046 3334 1127 3396 enim
1144 3335 1285 3400 celeritas
1300 3337 1448 3404 ascensils

163 3438 205 3500 sit
224 3436 423 3502 decremento
443 3436 608 3502 celeritatis
629 3437 835 3522 progressivae
856 3438 995 3524 aequalis,
1018 3438 1159 3505 celeritas
1181 3441 1350 3508 descensus
1372 3445 1448 3510 verb

162 3542 355 3607 incremento
376 3543 542 3608 celeritatis
560 3543 776 3628 progressivae,
803 3564 844 3606 ex
865 3543 939 3606 dato
964 3557 1050 3608 motu
1062 3546 1211 3610 ‘verticuli
1240 3549 1320 3613 ratio
1344 3549 1448 3615 motda

162 3648 367 3715 horizontalis
391 3648 516 3712 deliniri
539 3648 664 3732 poterit.
718 3647 898 3712 Invenimus
923 3655 1027 3714 autern
1052 3649 1146 3736 cupri
1169 3658 1193 3734 t.
1220 3663 1273 3731 84,
1303 3654 1330 3718 si
1355 3653 1449 3722 Luna

162 3755 367 3820 amaridiano
392 3754 499 3820 vernis
524 3776 669 3820 mensum
688 3756 755 3839 jam
772 3757 900 3821 recessit
917 3759 1032 3845 angulo
1054 3782 1081 3838 r,
1103 3759 1164 3823 hoc
1185 3774 1233 3824 ast
1262 3761 1335 3826 cdm
1359 3765 1449 3852 regio

162 3862 324 3947 proposita
348 3861 389 3925 ab
414 3861 461 3937 ei,
487 3861 522 3924 in
545 3859 605 3946 qui
632 3883 713 3946 aqua
736 3873 783 3926 eat
806 3884 937 3940 summa,
964 3861 1072 3928 vereda
1097 3866 1249 3930 orientem
1275 3868 1449 3936 secundriru

162 3969 392 4056 largitudinem
417 3961 512 4034 distet
535 3967 652 4056 angulo
676 3991 703 4045 z,
733 3969 801 4034 fore
825 3969 1013 4036 celeritatem
1038 3972 1099 4058 qui
1128 3996 1209 4060 aqua
1237 3976 1377 4042 ascendit
1394 4002 1443 4038 ε

162 4075 419 4166 -cgquQ
442 4078 630 4165 sinz-3
673 4073 912 4162 p²q⁹sim2z

162 4160 537 4264 W
656 4177 721 4261 hu
736 4178 857 4265 -ssc

162 4283 307 4348 ascensus
335 4283 568 4368 proportionale
592 4284 633 4347 sit
657 4282 890 4352 decrementum
919 4287 1022 4360 motta
1051 4291 1261 4370 horizontalis,
1292 4293 1353 4362 erit
1379 4294 1448 4378 ipsa

913 4161 922 4182 .
981 4117 1089 4193 Quare
1110 4117 1182 4184 crim
1203 4119 1277 4186 huic
1298 4123 1448 4186 celeritati
