<?xml version="1.0" encoding="UTF-8"?>
<!DOCTYPE html PUBLIC "-//W3C//DTD XHTML 1.0 Transitional//EN"
    "http://www.w3.org/TR/xhtml1/DTD/xhtml1-transitional.dtd">
<html xmlns="http://www.w3.org/1999/xhtml" xml:lang="en" lang="en">
 <head>
  <title>
</title>
<meta http-equiv="Content-Type" content="text/html;charset=utf-8" />
  <meta name='ocr-system' content='tesseract 3.04.00' />
  <meta name='ocr-capabilities' content='ocr_page ocr_carea ocr_par ocr_line ocrx_word'/>
</head>
<body>
  <div class='ocr_page' id='page_1' title='image "./philosophinatur01wriggoog_0331.png"; bbox 0 0 3284 5517; ppageno 0'>
   <div class='ocr_carea' id='block_1_1' title="bbox 229 358 1272 442">
    <p class='ocr_par' dir='ltr' id='par_1_1' title="bbox 229 358 1272 442">
     <span class='ocr_line' id='line_1_1' title="bbox 229 358 1272 442; baseline -0.006 -11"><span class='ocrx_word' id='word_1_1' title='bbox 229 368 294 431; x_wconf 73' lang='lat'><strong>288</strong></span> <span class='ocrx_word' id='word_1_2' title='bbox 479 363 749 442; x_wconf 85' lang='lat' dir='ltr'>INQUISITIO</span> <span class='ocrx_word' id='word_1_3' title='bbox 771 361 977 430; x_wconf 83' lang='lat' dir='ltr'>PHYSICA</span> <span class='ocrx_word' id='word_1_4' title='bbox 1001 361 1049 426; x_wconf 91' lang='lat' dir='ltr'><strong>IN</strong></span> <span class='ocrx_word' id='word_1_5' title='bbox 1075 358 1272 426; x_wconf 81' lang='lat' dir='ltr'>CAUSAM</span> 
     </span>
    </p>
   </div>
   <div class='ocr_carea' id='block_1_2' title="bbox 226 519 1518 1486">
    <p class='ocr_par' dir='ltr' id='par_1_2' title="bbox 228 519 1518 1272">
     <span class='ocr_line' id='line_1_2' title="bbox 230 519 1518 625; baseline -0.005 -21"><span class='ocrx_word' id='word_1_6' title='bbox 230 540 409 625; x_wconf 81' lang='lat' dir='ltr'><strong>conjunctio</strong></span> <span class='ocrx_word' id='word_1_7' title='bbox 422 519 502 606; x_wconf 84' lang='lat' dir='ltr'><strong>sive·</strong></span> <span class='ocrx_word' id='word_1_8' title='bbox 516 540 673 625; x_wconf 85' lang='lat' dir='ltr'><strong>oppositio</strong></span> <span class='ocrx_word' id='word_1_9' title='bbox 692 538 894 604; x_wconf 80' lang='lat' dir='ltr'><strong>luminarium</strong></span> <span class='ocrx_word' id='word_1_10' title='bbox 914 559 1023 604; x_wconf 87' lang='lat' dir='ltr'><strong>verum</strong></span> <span class='ocrx_word' id='word_1_11' title='bbox 1043 535 1207 602; x_wconf 73' lang='lat' dir='ltr'><strong>meridiem</strong></span> <span class='ocrx_word' id='word_1_12' title='bbox 1227 533 1278 599; x_wconf 88' lang='lat' dir='ltr'><strong>vel</strong></span> <span class='ocrx_word' id='word_1_13' title='bbox 1297 532 1450 619; x_wconf 72' lang='lat' dir='ltr'><strong>praeeedit</strong></span> <span class='ocrx_word' id='word_1_14' title='bbox 1467 532 1518 598; x_wconf 87' lang='lat' dir='ltr'><strong>vel</strong></span> 
     </span>
     <span class='ocr_line' id='line_1_3' title="bbox 231 645 1516 735; baseline -0.005 -21"><span class='ocrx_word' id='word_1_15' title='bbox 231 649 379 735; x_wconf 84' lang='lat' dir='ltr'><strong>sequitur,</strong></span> <span class='ocrx_word' id='word_1_16' title='bbox 395 647 558 732; x_wconf 86' lang='lat' dir='ltr'><strong>duplicari,</strong></span> <span class='ocrx_word' id='word_1_17' title='bbox 572 649 766 734; x_wconf 89' lang='lat' dir='ltr'><strong>totidemque</strong></span> <span class='ocrx_word' id='word_1_18' title='bbox 778 648 900 712; x_wconf 88' lang='lat' dir='ltr'><strong>minuta</strong></span> <span class='ocrx_word' id='word_1_19' title='bbox 912 649 1014 733; x_wconf 86' lang='lat' dir='ltr'><strong>prims</strong></span> <span class='ocrx_word' id='word_1_20' title='bbox 1025 647 1064 712; x_wconf 85' lang='lat' dir='ltr'><strong>od</strong></span> <span class='ocrx_word' id='word_1_21' title='bbox 1079 660 1202 732; x_wconf 87' lang='lat' dir='ltr'><strong>tempus</strong></span> <span class='ocrx_word' id='word_1_22' title='bbox 1212 645 1351 710; x_wconf 88' lang='lat' dir='ltr'><strong>medinm</strong></span> <span class='ocrx_word' id='word_1_23' title='bbox 1362 655 1516 720; x_wconf 76' lang='lat' dir='ltr'><strong>nolanum,</strong></span> 
     </span>
     <span class='ocr_line' id='line_1_4' title="bbox 230 749 1516 842; baseline -0.002 -22"><span class='ocrx_word' id='word_1_24' title='bbox 230 775 294 842; x_wconf 93' lang='lat' dir='ltr'><strong>quo</strong></span> <span class='ocrx_word' id='word_1_25' title='bbox 313 755 417 819; x_wconf 83' lang='lat' dir='ltr'><strong>fluxus</strong></span> <span class='ocrx_word' id='word_1_26' title='bbox 438 756 563 819; x_wconf 84' lang='lat' dir='ltr'><strong>evenire</strong></span> <span class='ocrx_word' id='word_1_27' title='bbox 584 755 673 832; x_wconf 83' lang='lat' dir='ltr'><strong>solet,</strong></span> <span class='ocrx_word' id='word_1_28' title='bbox 696 754 746 819; x_wconf 92' lang='lat' dir='ltr'><strong>vel</strong></span> <span class='ocrx_word' id='word_1_29' title='bbox 766 755 841 819; x_wconf 89' lang='lat' dir='ltr'><strong>addi</strong></span> <span class='ocrx_word' id='word_1_30' title='bbox 862 755 912 820; x_wconf 92' lang='lat' dir='ltr'><strong>vel</strong></span> <span class='ocrx_word' id='word_1_31' title='bbox 932 755 972 818; x_wconf 88' lang='lat' dir='ltr'><strong>ab</strong></span> <span class='ocrx_word' id='word_1_32' title='bbox 988 777 1026 819; x_wconf 88' lang='lat' dir='ltr'><strong>eo</strong></span> <span class='ocrx_word' id='word_1_33' title='bbox 1041 753 1192 832; x_wconf 77' lang='lat' dir='ltr'><strong>subtrahi,</strong></span> <span class='ocrx_word' id='word_1_34' title='bbox 1208 775 1271 840; x_wconf 93' lang='lat' dir='ltr'><strong>quo</strong></span> <span class='ocrx_word' id='word_1_35' title='bbox 1287 773 1395 816; x_wconf 90' lang='lat' dir='ltr'><strong>verum</strong></span> <span class='ocrx_word' id='word_1_36' title='bbox 1410 749 1516 822; x_wconf 73' lang='lat' dir='ltr'><strong>fluxile</strong></span> 
     </span>
     <span class='ocr_line' id='line_1_5' title="bbox 228 859 1514 938; baseline -0.005 -10"><span class='ocrx_word' id='word_1_37' title='bbox 228 874 421 928; x_wconf 79' lang='lat' dir='ltr'><strong>momentum</strong></span> <span class='ocrx_word' id='word_1_38' title='bbox 446 862 632 926; x_wconf 86' lang='lat' dir='ltr'><strong>obtineatur.</strong></span> <span class='ocrx_word' id='word_1_39' title='bbox 689 862 849 938; x_wconf 84' lang='lat' dir='ltr'><strong>Quoniam</strong></span> <span class='ocrx_word' id='word_1_40' title='bbox 879 873 983 926; x_wconf 86' lang='lat' dir='ltr'><strong>eutem</strong></span> <span class='ocrx_word' id='word_1_41' title='bbox 1011 862 1081 926; x_wconf 81' lang='lat' dir='ltr'><strong>baec</strong></span> <span class='ocrx_word' id='word_1_42' title='bbox 1110 861 1263 926; x_wconf 85' lang='lat' dir='ltr'><strong>correctio</strong></span> <span class='ocrx_word' id='word_1_43' title='bbox 1283 859 1399 924; x_wconf 88' lang='lat' dir='ltr'><strong>nititur</strong></span> <span class='ocrx_word' id='word_1_44' title='bbox 1426 869 1514 922; x_wconf 91' lang='lat' dir='ltr'><strong>motu</strong></span> 
     </span>
     <span class='ocr_line' id='line_1_6' title="bbox 230 967 1515 1054; baseline -0.002 -20"><span class='ocrx_word' id='word_1_45' title='bbox 230 969 333 1035; x_wconf 87' lang='lat' dir='ltr'><strong>Lunae</strong></span> <span class='ocrx_word' id='word_1_46' title='bbox 353 969 468 1046; x_wconf 88' lang='lat' dir='ltr'><strong>medio,</strong></span> <span class='ocrx_word' id='word_1_47' title='bbox 489 971 689 1054; x_wconf 89' lang='lat' dir='ltr'><strong>perspicuum</strong></span> <span class='ocrx_word' id='word_1_48' title='bbox 710 983 760 1034; x_wconf 89' lang='lat' dir='ltr'><strong>est</strong></span> <span class='ocrx_word' id='word_1_49' title='bbox 779 991 848 1035; x_wconf 82' lang='lat' dir='ltr'><strong>eam</strong></span> <span class='ocrx_word' id='word_1_50' title='bbox 871 971 1062 1036; x_wconf 68' lang='lat' dir='ltr'>correctione</span> <span class='ocrx_word' id='word_1_51' title='bbox 1083 969 1225 1037; x_wconf 87' lang='lat' dir='ltr'><strong>ulteriori</strong></span> <span class='ocrx_word' id='word_1_52' title='bbox 1246 991 1326 1054; x_wconf 89' lang='lat' dir='ltr'><strong>opus</strong></span> <span class='ocrx_word' id='word_1_53' title='bbox 1345 967 1473 1046; x_wconf 86' lang='lat' dir='ltr'><strong>habere,</strong></span> <span class='ocrx_word' id='word_1_54' title='bbox 1495 989 1515 1031; x_wconf 89' lang='lat' dir='ltr'><strong>a</strong></span> 
     </span>
     <span class='ocr_line' id='line_1_7' title="bbox 228 1074 1515 1164; baseline 0 -24"><span class='ocrx_word' id='word_1_55' title='bbox 228 1098 304 1140; x_wconf 88' lang='lat' dir='ltr'><strong>vero</strong></span> <span class='ocrx_word' id='word_1_56' title='bbox 319 1077 421 1140; x_wconf 82' lang='lat' dir='ltr'><strong>Lunoe</strong></span> <span class='ocrx_word' id='word_1_57' title='bbox 434 1087 524 1140; x_wconf 91' lang='lat' dir='ltr'><strong>motu</strong></span> <span class='ocrx_word' id='word_1_58' title='bbox 537 1076 644 1161; x_wconf 74' lang='lat' dir='ltr'><strong>penu,</strong></span> <span class='ocrx_word' id='word_1_59' title='bbox 660 1100 732 1164; x_wconf 79' lang='lat' dir='ltr'><strong>quse</strong></span> <span class='ocrx_word' id='word_1_60' title='bbox 742 1077 817 1142; x_wconf 86' lang='lat' dir='ltr'><strong>verb</strong></span> <span class='ocrx_word' id='word_1_61' title='bbox 830 1078 1015 1164; x_wconf 91' lang='lat' dir='ltr'><strong>plerumque</strong></span> <span class='ocrx_word' id='word_1_62' title='bbox 1025 1079 1086 1142; x_wconf 90' lang='lat' dir='ltr'><strong>erit</strong></span> <span class='ocrx_word' id='word_1_63' title='bbox 1099 1077 1296 1154; x_wconf 79' lang='lat' dir='ltr'><strong>insensibilis,</strong></span> <span class='ocrx_word' id='word_1_64' title='bbox 1308 1074 1381 1142; x_wconf 82' lang='lat' dir='ltr'><strong>crim</strong></span> <span class='ocrx_word' id='word_1_65' title='bbox 1392 1097 1515 1140; x_wconf 74' lang='lat' dir='ltr'><strong>suntme</strong></span> 
     </span>
     <span class='ocr_line' id='line_1_8' title="bbox 228 1173 1402 1272; baseline 0 -22"><span class='ocrx_word' id='word_1_66' title='bbox 228 1208 318 1272; x_wconf 85' lang='lat' dir='ltr'><strong>aquae</strong></span> <span class='ocrx_word' id='word_1_67' title='bbox 331 1187 462 1252; x_wconf 85' lang='lat' dir='ltr'><strong>elevatio</strong></span> <span class='ocrx_word' id='word_1_68' title='bbox 476 1209 541 1250; x_wconf 89' lang='lat' dir='ltr'><strong>non</strong></span> <span class='ocrx_word' id='word_1_69' title='bbox 555 1186 659 1250; x_wconf 79' lang='lat' dir='ltr'><strong>subitb</strong></span> <span class='ocrx_word' id='word_1_70' title='bbox 673 1186 763 1266; x_wconf 86' lang='lat' dir='ltr'><strong>adsit,</strong></span> <span class='ocrx_word' id='word_1_71' title='bbox 779 1187 835 1253; x_wconf 89' lang='lat' dir='ltr'><strong>sed</strong></span> <span class='ocrx_word' id='word_1_72' title='bbox 849 1209 908 1272; x_wconf 92' lang='lat' dir='ltr'><strong>per</strong></span> <span class='ocrx_word' id='word_1_73' title='bbox 921 1199 1045 1272; x_wconf 89' lang='lat' dir='ltr'><strong>tempus</strong></span> <span class='ocrx_word' id='word_1_74' title='bbox 1060 1188 1133 1252; x_wconf 83' lang='lat' dir='ltr'><strong>satis</strong></span> <span class='ocrx_word' id='word_1_75' title='bbox 1148 1173 1287 1252; x_wconf 76' lang='lat' dir='ltr'><strong>notabile</strong></span> <span class='ocrx_word' id='word_1_76' title='bbox 1301 1185 1402 1250; x_wconf 77' lang='lat' dir='ltr'><strong>duret.</strong></span> 
     </span>
    </p>

    <p class='ocr_par' dir='ltr' id='par_1_3' title="bbox 226 1291 1513 1486">
     <span class='ocr_line' id='line_1_9' title="bbox 270 1291 1513 1381; baseline -0.006 -21"><span class='ocrx_word' id='word_1_77' title='bbox 270 1301 293 1376; x_wconf 67' lang='lat' dir='ltr'><strong>t.</strong></span> <span class='ocrx_word' id='word_1_78' title='bbox 309 1305 361 1360; x_wconf 89' lang='grc'><strong>61.</strong></span> <span class='ocrx_word' id='word_1_79' title='bbox 385 1295 457 1359; x_wconf 85' lang='lat' dir='ltr'><strong>Nisi</strong></span> <span class='ocrx_word' id='word_1_80' title='bbox 477 1309 582 1360; x_wconf 85' lang='lat' dir='ltr'><strong>autem</strong></span> <span class='ocrx_word' id='word_1_81' title='bbox 602 1295 769 1359; x_wconf 86' lang='lat' dir='ltr'><strong>luminaria</strong></span> <span class='ocrx_word' id='word_1_82' title='bbox 788 1297 935 1381; x_wconf 82' lang='lat' dir='ltr'><strong>proxima</strong></span> <span class='ocrx_word' id='word_1_83' title='bbox 949 1295 1011 1360; x_wconf 88' lang='lat' dir='ltr'><strong>sint</strong></span> <span class='ocrx_word' id='word_1_84' title='bbox 1026 1294 1076 1360; x_wconf 90' lang='lat' dir='ltr'><strong>vel</strong></span> <span class='ocrx_word' id='word_1_85' title='bbox 1090 1293 1302 1380; x_wconf 86' lang='lat' dir='ltr'><strong>conjunctioni</strong></span> <span class='ocrx_word' id='word_1_86' title='bbox 1315 1292 1365 1356; x_wconf 84' lang='lat' dir='ltr'><strong>rel</strong></span> <span class='ocrx_word' id='word_1_87' title='bbox 1387 1291 1513 1376; x_wconf 87' lang='lat' dir='ltr'><strong>opposi-</strong></span> 
     </span>
     <span class='ocr_line' id='line_1_10' title="bbox 226 1397 1513 1486; baseline -0.004 -21"><span class='ocrx_word' id='word_1_88' title='bbox 226 1401 315 1479; x_wconf 87' lang='lat' dir='ltr'><strong>tioni,</strong></span> <span class='ocrx_word' id='word_1_89' title='bbox 331 1401 469 1465; x_wconf 80' lang='lat' dir='ltr'><strong>maxima</strong></span> <span class='ocrx_word' id='word_1_90' title='bbox 482 1403 578 1465; x_wconf 84' lang='lat' dir='ltr'><strong>maris</strong></span> <span class='ocrx_word' id='word_1_91' title='bbox 591 1401 723 1466; x_wconf 87' lang='lat' dir='ltr'><strong>elevatio</strong></span> <span class='ocrx_word' id='word_1_92' title='bbox 737 1424 802 1466; x_wconf 89' lang='lat' dir='ltr'><strong>non</strong></span> <span class='ocrx_word' id='word_1_93' title='bbox 822 1403 857 1466; x_wconf 88' lang='lat' dir='ltr'><strong>in</strong></span> <span class='ocrx_word' id='word_1_94' title='bbox 878 1403 983 1486; x_wconf 88' lang='lat' dir='ltr'><strong>ipsmn</strong></span> <span class='ocrx_word' id='word_1_95' title='bbox 1001 1402 1103 1466; x_wconf 79' lang='lat' dir='ltr'><strong>Lunae</strong></span> <span class='ocrx_word' id='word_1_96' title='bbox 1116 1401 1280 1465; x_wconf 73' lang='lat' dir='ltr'><strong>transitum</strong></span> <span class='ocrx_word' id='word_1_97' title='bbox 1295 1419 1353 1482; x_wconf 83' lang='lat' dir='ltr'><strong>per</strong></span> <span class='ocrx_word' id='word_1_98' title='bbox 1365 1397 1513 1464; x_wconf 87' lang='lat' dir='ltr'><strong>meridia-</strong></span> 
     </span>
    </p>
   </div>
   <div class='ocr_carea' id='block_1_3' title="bbox 107 1508 1511 1598">
    <p class='ocr_par' dir='ltr' id='par_1_4' title="bbox 107 1508 1511 1598">
     <span class='ocr_line' id='line_1_11' title="bbox 107 1508 1511 1598; baseline -0.001 -26"><span class='ocrx_word' id='word_1_99' title='bbox 107 1525 110 1530; x_wconf 83' lang='lat'>·</span> <span class='ocrx_word' id='word_1_100' title='bbox 225 1529 302 1573; x_wconf 88' lang='lat' dir='ltr'><strong>num</strong></span> <span class='ocrx_word' id='word_1_101' title='bbox 328 1508 452 1574; x_wconf 83' lang='lat' dir='ltr'><strong>incidet.</strong></span> <span class='ocrx_word' id='word_1_102' title='bbox 498 1509 659 1585; x_wconf 86' lang='lat' dir='ltr'><strong>Quoniam</strong></span> <span class='ocrx_word' id='word_1_103' title='bbox 683 1511 767 1574; x_wconf 89' lang='lat' dir='ltr'><strong>enim</strong></span> <span class='ocrx_word' id='word_1_104' title='bbox 794 1512 886 1576; x_wconf 83' lang='lat' dir='ltr'><strong>Luna</strong></span> <span class='ocrx_word' id='word_1_105' title='bbox 910 1511 985 1577; x_wconf 88' lang='lat' dir='ltr'><strong>dum</strong></span> <span class='ocrx_word' id='word_1_106' title='bbox 1009 1533 1108 1598; x_wconf 84' lang='lat' dir='ltr'>prope</span> <span class='ocrx_word' id='word_1_107' title='bbox 1130 1511 1337 1575; x_wconf 86' lang='lat' dir='ltr'><strong>meridianum</strong></span> <span class='ocrx_word' id='word_1_108' title='bbox 1359 1520 1511 1586; x_wconf 88' lang='lat' dir='ltr'><strong>versatur,</strong></span> 
     </span>
    </p>
   </div>
   <div class='ocr_carea' id='block_1_4' title="bbox 150 1617 1513 2456">
    <p class='ocr_par' dir='ltr' id='par_1_5' title="bbox 150 1617 1513 2456">
     <span class='ocr_line' id='line_1_12' title="bbox 225 1617 1513 1704; baseline 0.002 -24"><span class='ocrx_word' id='word_1_109' title='bbox 225 1639 283 1701; x_wconf 90' lang='lat' dir='ltr'><strong>per</strong></span> <span class='ocrx_word' id='word_1_110' title='bbox 304 1617 431 1702; x_wconf 82' lang='lat' dir='ltr'><strong>aliquod</strong></span> <span class='ocrx_word' id='word_1_111' title='bbox 451 1628 575 1702; x_wconf 84' lang='lat' dir='ltr'><strong>tempus</strong></span> <span class='ocrx_word' id='word_1_112' title='bbox 596 1619 728 1683; x_wconf 82' lang='lat' dir='ltr'><strong>eandem</strong></span> <span class='ocrx_word' id='word_1_113' title='bbox 749 1620 944 1685; x_wconf 73' lang='lat' dir='ltr'><strong>altitudinem</strong></span> <span class='ocrx_word' id='word_1_114' title='bbox 959 1634 1131 1698; x_wconf 86' lang='lat' dir='ltr'><strong>conservat,</strong></span> <span class='ocrx_word' id='word_1_115' title='bbox 1150 1621 1302 1704; x_wconf 79' lang='lat' dir='ltr'><strong>tantisper</strong></span> <span class='ocrx_word' id='word_1_116' title='bbox 1316 1619 1411 1683; x_wconf 88' lang='lat' dir='ltr'><strong>etiam</strong></span> <span class='ocrx_word' id='word_1_117' title='bbox 1424 1631 1513 1682; x_wconf 87' lang='lat' dir='ltr'><strong>mare</strong></span> 
     </span>
     <span class='ocr_line' id='line_1_13' title="bbox 226 1723 1513 1818; baseline -0.002 -30"><span class='ocrx_word' id='word_1_118' title='bbox 226 1724 358 1788; x_wconf 79' lang='lat' dir='ltr'><strong>eandem</strong></span> <span class='ocrx_word' id='word_1_119' title='bbox 380 1724 583 1818; x_wconf 76' lang='lat' dir='ltr'><strong>elevationem</strong></span> <span class='ocrx_word' id='word_1_120' title='bbox 605 1726 766 1803; x_wconf 82' lang='lat' dir='ltr'><strong>retinebit3</strong></span> <span class='ocrx_word' id='word_1_121' title='bbox 789 1737 821 1790; x_wconf 91' lang='lat' dir='ltr'><strong>et</strong></span> <span class='ocrx_word' id='word_1_122' title='bbox 841 1726 924 1790; x_wconf 84' lang='lat' dir='ltr'><strong>hano</strong></span> <span class='ocrx_word' id='word_1_123' title='bbox 940 1725 981 1790; x_wconf 92' lang='lat' dir='ltr'><strong>ob</strong></span> <span class='ocrx_word' id='word_1_124' title='bbox 995 1727 1103 1816; x_wconf 76' lang='lat' dir='ltr'><strong>renisi</strong></span> <span class='ocrx_word' id='word_1_125' title='bbox 1122 1725 1176 1790; x_wconf 91' lang='lat' dir='ltr'><strong>Sol</strong></span> <span class='ocrx_word' id='word_1_126' title='bbox 1191 1726 1309 1789; x_wconf 83' lang='lat' dir='ltr'><strong>interea</strong></span> <span class='ocrx_word' id='word_1_127' title='bbox 1325 1723 1513 1789; x_wconf 80' lang='lat' dir='ltr'><strong>sensibiliter</strong></span> 
     </span>
     <span class='ocr_line' id='line_1_14' title="bbox 224 1829 1513 1909; baseline 0.002 -17"><span class='ocrx_word' id='word_1_128' title='bbox 224 1831 275 1894; x_wconf 93' lang='lat' dir='ltr'><strong>vel</strong></span> <span class='ocrx_word' id='word_1_129' title='bbox 296 1831 336 1894; x_wconf 88' lang='lat' dir='ltr'><strong>ab</strong></span> <span class='ocrx_word' id='word_1_130' title='bbox 358 1830 520 1895; x_wconf 85' lang='lat' dir='ltr'><strong>horizonte</strong></span> <span class='ocrx_word' id='word_1_131' title='bbox 542 1831 676 1909; x_wconf 79' lang='lat' dir='ltr'><strong>recedat,</strong></span> <span class='ocrx_word' id='word_1_132' title='bbox 692 1831 740 1895; x_wconf 89' lang='lat' dir='ltr'><strong>vel</strong></span> <span class='ocrx_word' id='word_1_133' title='bbox 757 1831 800 1895; x_wconf 90' lang='lat' dir='ltr'><strong>ad</strong></span> <span class='ocrx_word' id='word_1_134' title='bbox 815 1832 949 1897; x_wconf 89' lang='lat' dir='ltr'><strong>eundern</strong></span> <span class='ocrx_word' id='word_1_135' title='bbox 964 1831 1101 1908; x_wconf 80' lang='lat' dir='ltr'><strong>accedat,</strong></span> <span class='ocrx_word' id='word_1_136' title='bbox 1125 1832 1172 1894; x_wconf 83' lang='lat' dir='ltr'><strong>vis</strong></span> <span class='ocrx_word' id='word_1_137' title='bbox 1196 1831 1278 1896; x_wconf 88' lang='lat' dir='ltr'><strong>Solis</strong></span> <span class='ocrx_word' id='word_1_138' title='bbox 1293 1829 1333 1895; x_wconf 89' lang='lat' dir='ltr'><strong>ad</strong></span> <span class='ocrx_word' id='word_1_139' title='bbox 1348 1851 1434 1894; x_wconf 80' lang='lat' dir='ltr'><strong>mare</strong></span> <span class='ocrx_word' id='word_1_140' title='bbox 1449 1829 1513 1894; x_wconf 88' lang='lat' dir='ltr'><strong>ele-</strong></span> 
     </span>
     <span class='ocr_line' id='line_1_15' title="bbox 224 1935 1511 2024; baseline 0.002 -25"><span class='ocrx_word' id='word_1_141' title='bbox 224 1935 361 1999; x_wconf 89' lang='lat' dir='ltr'><strong>vandum</strong></span> <span class='ocrx_word' id='word_1_142' title='bbox 381 1937 432 2000; x_wconf 88' lang='lat' dir='ltr'><strong>vel</strong></span> <span class='ocrx_word' id='word_1_143' title='bbox 454 1951 573 2002; x_wconf 75' lang='lat' dir='ltr'><strong>crescet</strong></span> <span class='ocrx_word' id='word_1_144' title='bbox 594 1938 789 2017; x_wconf 83' lang='lat' dir='ltr'><strong>sensibiliter,</strong></span> <span class='ocrx_word' id='word_1_145' title='bbox 811 1939 861 2002; x_wconf 87' lang='lat' dir='ltr'><strong>vel</strong></span> <span class='ocrx_word' id='word_1_146' title='bbox 880 1939 1055 2014; x_wconf 88' lang='lat' dir='ltr'><strong>decrescet;</strong></span> <span class='ocrx_word' id='word_1_147' title='bbox 1078 1959 1118 2001; x_wconf 86' lang='lat' dir='ltr'><strong>ex</strong></span> <span class='ocrx_word' id='word_1_148' title='bbox 1132 1961 1196 2024; x_wconf 90' lang='lat' dir='ltr'><strong>quo</strong></span> <span class='ocrx_word' id='word_1_149' title='bbox 1211 1938 1287 2002; x_wconf 91' lang='lat' dir='ltr'><strong>dum</strong></span> <span class='ocrx_word' id='word_1_150' title='bbox 1303 1939 1396 2003; x_wconf 80' lang='lat' dir='ltr'><strong>Luna</strong></span> <span class='ocrx_word' id='word_1_151' title='bbox 1410 1960 1511 2023; x_wconf 85' lang='lat' dir='ltr'><strong>prope</strong></span> 
     </span>
     <span class='ocr_line' id='line_1_16' title="bbox 225 2043 1511 2128; baseline 0.004 -23"><span class='ocrx_word' id='word_1_152' title='bbox 225 2043 435 2106; x_wconf 89' lang='lat' dir='ltr'><strong>meridianum</strong></span> <span class='ocrx_word' id='word_1_153' title='bbox 458 2043 571 2120; x_wconf 81' lang='lat' dir='ltr'><strong>existit,</strong></span> <span class='ocrx_word' id='word_1_154' title='bbox 595 2043 664 2107; x_wconf 87' lang='lat' dir='ltr'><strong>fieri</strong></span> <span class='ocrx_word' id='word_1_155' title='bbox 684 2058 799 2128; x_wconf 87' lang='lat' dir='ltr'><strong>potest,</strong></span> <span class='ocrx_word' id='word_1_156' title='bbox 824 2057 859 2110; x_wconf 91' lang='lat' dir='ltr'><strong>ut</strong></span> <span class='ocrx_word' id='word_1_157' title='bbox 879 2057 984 2110; x_wconf 88' lang='lat' dir='ltr'><strong>tamen</strong></span> <span class='ocrx_word' id='word_1_158' title='bbox 1005 2067 1091 2110; x_wconf 90' lang='lat' dir='ltr'><strong>mare</strong></span> <span class='ocrx_word' id='word_1_159' title='bbox 1105 2047 1274 2110; x_wconf 80' lang='lat' dir='ltr'><strong>etiamnum</strong></span> <span class='ocrx_word' id='word_1_160' title='bbox 1290 2045 1437 2124; x_wconf 78' lang='lat' dir='ltr'><strong>elevetiu,</strong></span> <span class='ocrx_word' id='word_1_161' title='bbox 1461 2047 1511 2110; x_wconf 87' lang='lat' dir='ltr'><strong>vel</strong></span> 
     </span>
     <span class='ocr_line' id='line_1_17' title="bbox 224 2151 1512 2242; baseline 0.004 -27"><span class='ocrx_word' id='word_1_162' title='bbox 224 2151 304 2216; x_wconf 82' lang='lat' dir='ltr'><strong>adad</strong></span> <span class='ocrx_word' id='word_1_163' title='bbox 322 2153 392 2236; x_wconf 86' lang='lat' dir='ltr'><strong>jam</strong></span> <span class='ocrx_word' id='word_1_164' title='bbox 414 2152 608 2237; x_wconf 88' lang='lat' dir='ltr'><strong>deprimatur</strong></span> <span class='ocrx_word' id='word_1_165' title='bbox 631 2155 749 2218; x_wconf 90' lang='lat' dir='ltr'><strong>aSole.</strong></span> <span class='ocrx_word' id='word_1_166' title='bbox 794 2155 846 2218; x_wconf 83' lang='lat' dir='ltr'><strong>Ex</strong></span> <span class='ocrx_word' id='word_1_167' title='bbox 869 2155 918 2219; x_wconf 84' lang='lat' dir='ltr'><strong>hie</strong></span> <span class='ocrx_word' id='word_1_168' title='bbox 943 2156 1038 2242; x_wconf 84' lang='lat' dir='ltr'><strong>igitur</strong></span> <span class='ocrx_word' id='word_1_169' title='bbox 1060 2156 1260 2240; x_wconf 87' lang='lat' dir='ltr'><strong>perspicuum</strong></span> <span class='ocrx_word' id='word_1_170' title='bbox 1286 2167 1333 2219; x_wconf 90' lang='lat' dir='ltr'><strong>est</strong></span> <span class='ocrx_word' id='word_1_171' title='bbox 1359 2174 1512 2220; x_wconf 83' lang='lat' dir='ltr'><strong>summam</strong></span> 
     </span>
     <span class='ocr_line' id='line_1_18' title="bbox 150 2262 1510 2348; baseline 0.001 -24"><span class='ocrx_word' id='word_1_172' title='bbox 150 2307 156 2315; x_wconf 83' lang='lat'><em>-</em></span> <span class='ocrx_word' id='word_1_173' title='bbox 222 2262 317 2324; x_wconf 87' lang='lat' dir='ltr'><strong>maris</strong></span> <span class='ocrx_word' id='word_1_174' title='bbox 331 2262 526 2326; x_wconf 79' lang='lat' dir='ltr'><strong>altitudinem</strong></span> <span class='ocrx_word' id='word_1_175' title='bbox 540 2262 660 2327; x_wconf 74' lang='lat' dir='ltr'><strong>tardius</strong></span> <span class='ocrx_word' id='word_1_176' title='bbox 680 2285 735 2326; x_wconf 85' lang='lat' dir='ltr'><strong>seu</strong></span> <span class='ocrx_word' id='word_1_177' title='bbox 749 2277 821 2348; x_wconf 83' lang='lat' dir='ltr'><strong>post</strong></span> <span class='ocrx_word' id='word_1_178' title='bbox 836 2265 1000 2328; x_wconf 81' lang='lat' dir='ltr'><strong>transitum</strong></span> <span class='ocrx_word' id='word_1_179' title='bbox 1021 2264 1123 2328; x_wconf 78' lang='lat' dir='ltr'><strong>Lunae</strong></span> <span class='ocrx_word' id='word_1_180' title='bbox 1137 2285 1194 2348; x_wconf 91' lang='lat' dir='ltr'><strong>per</strong></span> <span class='ocrx_word' id='word_1_181' title='bbox 1208 2263 1415 2328; x_wconf 84' lang='lat' dir='ltr'><strong>meridianum</strong></span> <span class='ocrx_word' id='word_1_182' title='bbox 1430 2263 1510 2328; x_wconf 85' lang='lat' dir='ltr'><strong>acci-</strong></span> 
     </span>
     <span class='ocr_line' id='line_1_19' title="bbox 222 2368 1512 2456; baseline 0.002 -24"><span class='ocrx_word' id='word_1_183' title='bbox 222 2368 298 2432; x_wconf 89' lang='lat' dir='ltr'><strong>dere</strong></span> <span class='ocrx_word' id='word_1_184' title='bbox 322 2368 452 2446; x_wconf 81' lang='lat' dir='ltr'><strong>debere,</strong></span> <span class='ocrx_word' id='word_1_185' title='bbox 471 2371 498 2433; x_wconf 86' lang='lat' dir='ltr'><strong>si</strong></span> <span class='ocrx_word' id='word_1_186' title='bbox 520 2391 560 2434; x_wconf 89' lang='lat' dir='ltr'><strong>eo</strong></span> <span class='ocrx_word' id='word_1_187' title='bbox 582 2382 727 2453; x_wconf 84' lang='lat' dir='ltr'><strong>ternpore</strong></span> <span class='ocrx_word' id='word_1_188' title='bbox 752 2371 807 2435; x_wconf 89' lang='lat' dir='ltr'><strong>Sol</strong></span> <span class='ocrx_word' id='word_1_189' title='bbox 831 2369 870 2432; x_wconf 85' lang='lat' dir='ltr'><strong>ab</strong></span> <span class='ocrx_word' id='word_1_190' title='bbox 893 2369 1055 2434; x_wconf 84' lang='lat' dir='ltr'><strong>horizonte</strong></span> <span class='ocrx_word' id='word_1_191' title='bbox 1079 2369 1215 2448; x_wconf 82' lang='lat' dir='ltr'><strong>accedet,</strong></span> <span class='ocrx_word' id='word_1_192' title='bbox 1240 2369 1272 2433; x_wconf 93' lang='lat' dir='ltr'><strong>id</strong></span> <span class='ocrx_word' id='word_1_193' title='bbox 1296 2371 1383 2456; x_wconf 92' lang='lat' dir='ltr'><strong>quod</strong></span> <span class='ocrx_word' id='word_1_194' title='bbox 1408 2371 1512 2435; x_wconf 89' lang='lat' dir='ltr'><strong>evenit</strong></span> 
     </span>
    </p>
   </div>
   <div class='ocr_carea' id='block_1_5' title="bbox 221 2475 1624 2563">
    <p class='ocr_par' dir='ltr' id='par_1_6' title="bbox 221 2475 1624 2563">
     <span class='ocr_line' id='line_1_20' title="bbox 221 2475 1624 2563; baseline 0 -23"><span class='ocrx_word' id='word_1_195' title='bbox 221 2475 331 2542; x_wconf 83' lang='lat' dir='ltr'><strong>diebus</strong></span> <span class='ocrx_word' id='word_1_196' title='bbox 360 2477 554 2541; x_wconf 81' lang='lat' dir='ltr'><strong>novilunium</strong></span> <span class='ocrx_word' id='word_1_197' title='bbox 582 2491 614 2542; x_wconf 91' lang='lat' dir='ltr'><strong>et</strong></span> <span class='ocrx_word' id='word_1_198' title='bbox 642 2479 848 2563; x_wconf 89' lang='lat' dir='ltr'><strong>plenilunium</strong></span> <span class='ocrx_word' id='word_1_199' title='bbox 877 2477 1133 2562; x_wconf 76' lang='lat' dir='ltr'><strong>praecedentibus.</strong></span> <span class='ocrx_word' id='word_1_200' title='bbox 1202 2477 1322 2542; x_wconf 69' lang='lat' dir='ltr'><strong>Contra</strong></span> <span class='ocrx_word' id='word_1_201' title='bbox 1350 2491 1452 2542; x_wconf 87' lang='lat' dir='ltr'><strong>autem</strong></span> <span class='ocrx_word' id='word_1_202' title='bbox 1484 2478 1512 2541; x_wconf 84' lang='lat' dir='ltr'><strong>si</strong></span> <span class='ocrx_word' id='word_1_203' title='bbox 1621 2513 1624 2524; x_wconf 36' lang='lat' dir='ltr'><strong>a</strong></span> 
     </span>
    </p>
   </div>
   <div class='ocr_carea' id='block_1_6' title="bbox 168 2585 1511 4730">
    <p class='ocr_par' dir='ltr' id='par_1_7' title="bbox 168 2585 1511 4730">
     <span class='ocr_line' id='line_1_21' title="bbox 222 2585 1510 2672; baseline -0.002 -22"><span class='ocrx_word' id='word_1_204' title='bbox 222 2585 317 2650; x_wconf 85' lang='lat' dir='ltr'><strong>Luna</strong></span> <span class='ocrx_word' id='word_1_205' title='bbox 336 2599 408 2671; x_wconf 85' lang='lat' dir='ltr'><strong>post</strong></span> <span class='ocrx_word' id='word_1_206' title='bbox 431 2587 537 2650; x_wconf 90' lang='lat' dir='ltr'><strong>Solem</strong></span> <span class='ocrx_word' id='word_1_207' title='bbox 558 2607 617 2671; x_wconf 91' lang='lat' dir='ltr'><strong>per</strong></span> <span class='ocrx_word' id='word_1_208' title='bbox 637 2586 844 2650; x_wconf 86' lang='lat' dir='ltr'><strong>meridianum</strong></span> <span class='ocrx_word' id='word_1_209' title='bbox 866 2599 1012 2662; x_wconf 81' lang='lat' dir='ltr'><strong>transeut,</strong></span> <span class='ocrx_word' id='word_1_210' title='bbox 1035 2586 1130 2672; x_wconf 90' lang='lat' dir='ltr'><strong>idque</strong></span> <span class='ocrx_word' id='word_1_211' title='bbox 1143 2585 1195 2650; x_wconf 88' lang='lat' dir='ltr'><strong>vel</strong></span> <span class='ocrx_word' id='word_1_212' title='bbox 1215 2597 1287 2650; x_wconf 84' lang='lat' dir='ltr'><strong>ante</strong></span> <span class='ocrx_word' id='word_1_213' title='bbox 1307 2585 1389 2650; x_wconf 87' lang='lat' dir='ltr'><strong>Solis</strong></span> <span class='ocrx_word' id='word_1_214' title='bbox 1403 2598 1510 2649; x_wconf 88' lang='lat' dir='ltr'><strong>ortum</strong></span> 
     </span>
     <span class='ocr_line' id='line_1_22' title="bbox 220 2689 1511 2779; baseline 0 -23"><span class='ocrx_word' id='word_1_215' title='bbox 220 2694 270 2758; x_wconf 91' lang='lat' dir='ltr'><strong>vel</strong></span> <span class='ocrx_word' id='word_1_216' title='bbox 292 2710 364 2758; x_wconf 83' lang='lat' dir='ltr'><strong>ante</strong></span> <span class='ocrx_word' id='word_1_217' title='bbox 385 2717 551 2771; x_wconf 70' lang='lat' dir='ltr'><strong>occasum</strong></span> <span class='ocrx_word' id='word_1_218' title='bbox 573 2707 650 2771; x_wconf 84' lang='lat' dir='ltr'><strong>tum,</strong></span> <span class='ocrx_word' id='word_1_219' title='bbox 673 2695 747 2779; x_wconf 87' lang='lat' dir='ltr'><strong>quio</strong></span> <span class='ocrx_word' id='word_1_220' title='bbox 767 2693 909 2760; x_wconf 80' lang='lat' dir='ltr'><strong>marein</strong></span> <span class='ocrx_word' id='word_1_221' title='bbox 924 2693 1056 2758; x_wconf 84' lang='lat' dir='ltr'><strong>transitu</strong></span> <span class='ocrx_word' id='word_1_222' title='bbox 1072 2694 1173 2758; x_wconf 82' lang='lat' dir='ltr'><strong>Lunae</strong></span> <span class='ocrx_word' id='word_1_223' title='bbox 1194 2713 1253 2777; x_wconf 89' lang='lat' dir='ltr'><strong>per</strong></span> <span class='ocrx_word' id='word_1_224' title='bbox 1266 2689 1476 2756; x_wconf 83' lang='lat' dir='ltr'><strong>meridianum</strong></span> <span class='ocrx_word' id='word_1_225' title='bbox 1490 2713 1511 2756; x_wconf 85' lang='lat' dir='ltr'><strong>a</strong></span> 
     </span>
     <span class='ocr_line' id='line_1_23' title="bbox 219 2785 1510 2886; baseline 0 -24"><span class='ocrx_word' id='word_1_226' title='bbox 219 2800 252 2862; x_wconf 87' lang='lat' dir='ltr'><strong>vi</strong></span> <span class='ocrx_word' id='word_1_227' title='bbox 274 2785 356 2865; x_wconf 79' lang='lat' dir='ltr'><strong>Solis</strong></span> <span class='ocrx_word' id='word_1_228' title='bbox 378 2800 574 2885; x_wconf 86' lang='lat' dir='ltr'><strong>deprimitur,</strong></span> <span class='ocrx_word' id='word_1_229' title='bbox 596 2800 766 2864; x_wconf 82' lang='lat' dir='ltr'><strong>maximnm</strong></span> <span class='ocrx_word' id='word_1_230' title='bbox 787 2799 899 2864; x_wconf 89' lang='lat' dir='ltr'><strong>habuit</strong></span> <span class='ocrx_word' id='word_1_231' title='bbox 917 2799 1113 2866; x_wconf 83' lang='lat' dir='ltr'><strong>altitudinem</strong></span> <span class='ocrx_word' id='word_1_232' title='bbox 1128 2813 1200 2864; x_wconf 80' lang='lat' dir='ltr'><strong>ante</strong></span> <span class='ocrx_word' id='word_1_233' title='bbox 1214 2801 1382 2886; x_wconf 88' lang='lat' dir='ltr'><strong>appulsum</strong></span> <span class='ocrx_word' id='word_1_234' title='bbox 1406 2800 1510 2866; x_wconf 75' lang='lat' dir='ltr'><strong>Lunae</strong></span> 
     </span>
     <span class='ocr_line' id='line_1_24' title="bbox 220 2906 1509 2995; baseline 0.002 -26"><span class='ocrx_word' id='word_1_235' title='bbox 220 2906 262 2970; x_wconf 84' lang='lat' dir='ltr'><strong>sd</strong></span> <span class='ocrx_word' id='word_1_236' title='bbox 282 2907 501 2986; x_wconf 88' lang='lat' dir='ltr'><strong>meridianum,</strong></span> <span class='ocrx_word' id='word_1_237' title='bbox 522 2909 556 2972; x_wconf 93' lang='lat' dir='ltr'><strong>id</strong></span> <span class='ocrx_word' id='word_1_238' title='bbox 572 2909 658 2994; x_wconf 94' lang='lat' dir='ltr'><strong>quod</strong></span> <span class='ocrx_word' id='word_1_239' title='bbox 680 2907 833 2995; x_wconf 80' lang='lat' dir='ltr'><strong>contingit</strong></span> <span class='ocrx_word' id='word_1_240' title='bbox 848 2907 957 2972; x_wconf 86' lang='lat' dir='ltr'><strong>diebus</strong></span> <span class='ocrx_word' id='word_1_241' title='bbox 975 2909 1171 2974; x_wconf 81' lang='lat' dir='ltr'><strong>novilunium</strong></span> <span class='ocrx_word' id='word_1_242' title='bbox 1191 2909 1439 2993; x_wconf 82' lang='lat' dir='ltr'><strong>plenilmriurnve</strong></span> <span class='ocrx_word' id='word_1_243' title='bbox 1460 2931 1509 2972; x_wconf 88' lang='lat' dir='ltr'><strong>se·</strong></span> 
     </span>
     <span class='ocr_line' id='line_1_25' title="bbox 219 3015 1508 3108; baseline -0.002 -28"><span class='ocrx_word' id='word_1_244' title='bbox 219 3016 396 3102; x_wconf 84' lang='lat' dir='ltr'><strong>quentibus.</strong></span> <span class='ocrx_word' id='word_1_245' title='bbox 442 3016 582 3092; x_wconf 88' lang='lat' dir='ltr'><strong>Quando</strong></span> <span class='ocrx_word' id='word_1_246' title='bbox 596 3029 700 3082; x_wconf 83' lang='lat' dir='ltr'><strong>autem</strong></span> <span class='ocrx_word' id='word_1_247' title='bbox 717 3017 773 3082; x_wconf 91' lang='lat' dir='ltr'><strong>Sol</strong></span> <span class='ocrx_word' id='word_1_248' title='bbox 787 3018 892 3102; x_wconf 90' lang='lat' dir='ltr'><strong>ipsum</strong></span> <span class='ocrx_word' id='word_1_249' title='bbox 906 3016 1101 3081; x_wconf 88' lang='lat' dir='ltr'><strong>horizontem</strong></span> <span class='ocrx_word' id='word_1_250' title='bbox 1115 3030 1257 3108; x_wconf 78' lang='lat' dir='ltr'><strong>occupat,</strong></span> <span class='ocrx_word' id='word_1_251' title='bbox 1275 3016 1353 3080; x_wconf 91' lang='lat' dir='ltr'><strong>dum</strong></span> <span class='ocrx_word' id='word_1_252' title='bbox 1368 3015 1461 3079; x_wconf 89' lang='lat' dir='ltr'><strong>Luna</strong></span> <span class='ocrx_word' id='word_1_253' title='bbox 1474 3017 1508 3078; x_wconf 90' lang='lat' dir='ltr'><strong>in</strong></span> 
     </span>
     <span class='ocr_line' id='line_1_26' title="bbox 218 3123 1509 3209; baseline -0.001 -22"><span class='ocrx_word' id='word_1_254' title='bbox 218 3123 392 3200; x_wconf 83' lang='lat' dir='ltr'><strong>meridiano</strong></span> <span class='ocrx_word' id='word_1_255' title='bbox 406 3137 556 3204; x_wconf 90' lang='lat' dir='ltr'><strong>versatur,</strong></span> <span class='ocrx_word' id='word_1_256' title='bbox 580 3137 647 3190; x_wconf 90' lang='lat' dir='ltr'><strong>tum</strong></span> <span class='ocrx_word' id='word_1_257' title='bbox 667 3125 788 3190; x_wconf 83' lang='lat' dir='ltr'><strong>etiamsi</strong></span> <span class='ocrx_word' id='word_1_258' title='bbox 810 3125 958 3189; x_wconf 81' lang='lat' dir='ltr'><strong>distantia</strong></span> <span class='ocrx_word' id='word_1_259' title='bbox 968 3125 1055 3191; x_wconf 80' lang='lat' dir='ltr'><strong>Solis</strong></span> <span class='ocrx_word' id='word_1_260' title='bbox 1070 3124 1109 3188; x_wconf 84' lang='lat' dir='ltr'><strong>sb</strong></span> <span class='ocrx_word' id='word_1_261' title='bbox 1124 3123 1285 3188; x_wconf 84' lang='lat' dir='ltr'><strong>horizonte</strong></span> <span class='ocrx_word' id='word_1_262' title='bbox 1299 3143 1452 3209; x_wconf 90' lang='lat' dir='ltr'><strong>perquam</strong></span> <span class='ocrx_word' id='word_1_263' title='bbox 1467 3123 1509 3186; x_wconf 91' lang='lat' dir='ltr'><strong>sit</strong></span> 
     </span>
     <span class='ocr_line' id='line_1_27' title="bbox 217 3232 1507 3321; baseline -0.003 -21"><span class='ocrx_word' id='word_1_264' title='bbox 217 3237 383 3316; x_wconf 86' lang='lat' dir='ltr'><strong>mutabilis,</strong></span> <span class='ocrx_word' id='word_1_265' title='bbox 406 3247 513 3304; x_wconf 87' lang='lat' dir='ltr'><strong>tamen</strong></span> <span class='ocrx_word' id='word_1_266' title='bbox 534 3238 607 3302; x_wconf 81' lang='lat' dir='ltr'><strong>crim</strong></span> <span class='ocrx_word' id='word_1_267' title='bbox 628 3238 808 3303; x_wconf 81' lang='lat' dir='ltr'><strong>elevationis</strong></span> <span class='ocrx_word' id='word_1_268' title='bbox 830 3237 876 3300; x_wconf 90' lang='lat' dir='ltr'><strong>vis</strong></span> <span class='ocrx_word' id='word_1_269' title='bbox 891 3235 1043 3321; x_wconf 83' lang='lat' dir='ltr'><strong>quadrato</strong></span> <span class='ocrx_word' id='word_1_270' title='bbox 1065 3233 1150 3300; x_wconf 80' lang='lat' dir='ltr'><strong>sinhs</strong></span> <span class='ocrx_word' id='word_1_271' title='bbox 1172 3234 1344 3299; x_wconf 87' lang='lat' dir='ltr'><strong>altitudinis</strong></span> <span class='ocrx_word' id='word_1_272' title='bbox 1369 3232 1451 3298; x_wconf 87' lang='lat' dir='ltr'><strong>Solis</strong></span> <span class='ocrx_word' id='word_1_273' title='bbox 1467 3233 1507 3296; x_wconf 91' lang='lat' dir='ltr'><strong>sit</strong></span> 
     </span>
     <span class='ocr_line' id='line_1_28' title="bbox 216 3341 1506 3432; baseline -0.003 -24"><span class='ocrx_word' id='word_1_274' title='bbox 216 3345 467 3429; x_wconf 88' lang='lat' dir='ltr'><strong>proportionalis,</strong></span> <span class='ocrx_word' id='word_1_275' title='bbox 484 3345 570 3432; x_wconf 93' lang='lat' dir='ltr'><strong>quod</strong></span> <span class='ocrx_word' id='word_1_276' title='bbox 584 3346 712 3408; x_wconf 89' lang='lat' dir='ltr'><strong>omnino</strong></span> <span class='ocrx_word' id='word_1_277' title='bbox 727 3344 892 3420; x_wconf 85' lang='lat' dir='ltr'><strong>evanescit,</strong></span> <span class='ocrx_word' id='word_1_278' title='bbox 915 3343 1008 3408; x_wconf 87' lang='lat' dir='ltr'><strong>etiarn</strong></span> <span class='ocrx_word' id='word_1_279' title='bbox 1022 3343 1083 3406; x_wconf 91' lang='lat' dir='ltr'><strong>hoc</strong></span> <span class='ocrx_word' id='word_1_280' title='bbox 1099 3365 1172 3406; x_wconf 87' lang='lat' dir='ltr'><strong>casu</strong></span> <span class='ocrx_word' id='word_1_281' title='bbox 1186 3343 1323 3406; x_wconf 85' lang='lat' dir='ltr'><strong>maxima</strong></span> <span class='ocrx_word' id='word_1_282' title='bbox 1338 3363 1428 3426; x_wconf 87' lang='lat' dir='ltr'><strong>equae</strong></span> <span class='ocrx_word' id='word_1_283' title='bbox 1444 3341 1506 3404; x_wconf 88' lang='lat' dir='ltr'><strong>ele-</strong></span> 
     </span>
     <span class='ocr_line' id='line_1_29' title="bbox 216 3453 1506 3538; baseline -0.002 -22"><span class='ocrx_word' id='word_1_284' title='bbox 216 3455 300 3516; x_wconf 83' lang='lat' dir='ltr'><strong>vatio</strong></span> <span class='ocrx_word' id='word_1_285' title='bbox 322 3454 357 3518; x_wconf 92' lang='lat' dir='ltr'><strong>in</strong></span> <span class='ocrx_word' id='word_1_286' title='bbox 379 3455 483 3538; x_wconf 87' lang='lat' dir='ltr'><strong>ipsum</strong></span> <span class='ocrx_word' id='word_1_287' title='bbox 507 3454 609 3518; x_wconf 82' lang='lat' dir='ltr'><strong>Lunoe</strong></span> <span class='ocrx_word' id='word_1_288' title='bbox 633 3477 691 3538; x_wconf 92' lang='lat' dir='ltr'><strong>per</strong></span> <span class='ocrx_word' id='word_1_289' title='bbox 713 3453 922 3520; x_wconf 84' lang='lat' dir='ltr'><strong>meridianum</strong></span> <span class='ocrx_word' id='word_1_290' title='bbox 942 3454 1108 3516; x_wconf 89' lang='lat' dir='ltr'><strong>transitum</strong></span> <span class='ocrx_word' id='word_1_291' title='bbox 1130 3453 1255 3530; x_wconf 86' lang='lat' dir='ltr'><strong>incidet,</strong></span> <span class='ocrx_word' id='word_1_292' title='bbox 1280 3453 1394 3537; x_wconf 91' lang='lat' dir='ltr'><strong>hicque</strong></span> <span class='ocrx_word' id='word_1_293' title='bbox 1416 3471 1506 3514; x_wconf 84' lang='lat' dir='ltr'><strong>ossus</strong></span> 
     </span>
     <span class='ocr_line' id='line_1_30' title="bbox 216 3557 974 3646; baseline -0.001 -23"><span class='ocrx_word' id='word_1_294' title='bbox 216 3560 300 3624; x_wconf 88' lang='lat' dir='ltr'><strong>cirea</strong></span> <span class='ocrx_word' id='word_1_295' title='bbox 314 3560 520 3646; x_wconf 83' lang='lat' dir='ltr'><strong>quadraturas</strong></span> <span class='ocrx_word' id='word_1_296' title='bbox 534 3561 735 3625; x_wconf 84' lang='lat' dir='ltr'><strong>luminarium</strong></span> <span class='ocrx_word' id='word_1_297' title='bbox 749 3562 854 3624; x_wconf 90' lang='lat' dir='ltr'><strong>locum</strong></span> <span class='ocrx_word' id='word_1_298' title='bbox 868 3557 974 3623; x_wconf 81' lang='lat' dir='ltr'><strong>hebet.</strong></span> 
     </span>
     <span class='ocr_line' id='line_1_31' title="bbox 168 3666 1505 3757; baseline -0.003 -22"><span class='ocrx_word' id='word_1_299' title='bbox 168 3697 176 3726; x_wconf 74' lang='grc' dir='ltr'><em>ι</em></span> <span class='ocrx_word' id='word_1_300' title='bbox 259 3676 352 3751; x_wconf 66' lang='lat'><strong>§.62</strong></span> <span class='ocrx_word' id='word_1_301' title='bbox 376 3671 422 3736; x_wconf 94' lang='lat' dir='ltr'><strong>Ut</strong></span> <span class='ocrx_word' id='word_1_302' title='bbox 443 3671 539 3755; x_wconf 79' lang='lat' dir='ltr'><strong>igitur</strong></span> <span class='ocrx_word' id='word_1_303' title='bbox 560 3671 742 3746; x_wconf 86' lang='lat' dir='ltr'><strong>innotescat,</strong></span> <span class='ocrx_word' id='word_1_304' title='bbox 767 3684 929 3757; x_wconf 85' lang='lat' dir='ltr'><strong>quamtum</strong></span> <span class='ocrx_word' id='word_1_305' title='bbox 951 3669 1032 3734; x_wconf 88' lang='lat' dir='ltr'><strong>vires</strong></span> <span class='ocrx_word' id='word_1_306' title='bbox 1057 3666 1128 3732; x_wconf 79' lang='lat' dir='ltr'><strong>crim</strong></span> <span class='ocrx_word' id='word_1_307' title='bbox 1153 3667 1234 3735; x_wconf 88' lang='lat' dir='ltr'><strong>Solis&#39;</strong></span> <span class='ocrx_word' id='word_1_308' title='bbox 1257 3666 1325 3732; x_wconf 84' lang='lat' dir='ltr'><strong>tdm</strong></span> <span class='ocrx_word' id='word_1_309' title='bbox 1348 3668 1450 3732; x_wconf 81' lang='lat' dir='ltr'><strong>Lunoe</strong></span> <span class='ocrx_word' id='word_1_310' title='bbox 1464 3668 1505 3731; x_wconf 88' lang='lat' dir='ltr'><strong>ad</strong></span> 
     </span>
     <span class='ocr_line' id='line_1_32' title="bbox 215 3776 1505 3862; baseline 0.002 -22"><span class='ocrx_word' id='word_1_311' title='bbox 215 3799 301 3840; x_wconf 85' lang='lat' dir='ltr'><strong>mare</strong></span> <span class='ocrx_word' id='word_1_312' title='bbox 323 3778 510 3841; x_wconf 87' lang='lat' dir='ltr'><strong>elevandum</strong></span> <span class='ocrx_word' id='word_1_313' title='bbox 531 3776 606 3842; x_wconf 85' lang='lat' dir='ltr'><strong>dato</strong></span> <span class='ocrx_word' id='word_1_314' title='bbox 621 3790 761 3862; x_wconf 90' lang='lat' dir='ltr'><strong>tempore</strong></span> <span class='ocrx_word' id='word_1_315' title='bbox 783 3780 832 3844; x_wconf 89' lang='lat' dir='ltr'><strong>vel</strong></span> <span class='ocrx_word' id='word_1_316' title='bbox 848 3791 987 3844; x_wconf 87' lang='lat' dir='ltr'><strong>crescant</strong></span> <span class='ocrx_word' id='word_1_317' title='bbox 1001 3779 1050 3842; x_wconf 91' lang='lat' dir='ltr'><strong>vel</strong></span> <span class='ocrx_word' id='word_1_318' title='bbox 1065 3779 1255 3856; x_wconf 82' lang='lat' dir='ltr'><strong>decrescent,</strong></span> <span class='ocrx_word' id='word_1_319' title='bbox 1272 3777 1349 3842; x_wconf 90' lang='lat' dir='ltr'><strong>dum</strong></span> <span class='ocrx_word' id='word_1_320' title='bbox 1363 3779 1404 3842; x_wconf 84' lang='lat' dir='ltr'><strong>ab</strong></span> <span class='ocrx_word' id='word_1_321' title='bbox 1419 3777 1505 3842; x_wconf 91' lang='lat' dir='ltr'><strong>hori·</strong></span> 
     </span>
     <span class='ocr_line' id='line_1_33' title="bbox 215 3877 1505 3971; baseline 0.001 -23"><span class='ocrx_word' id='word_1_322' title='bbox 215 3897 306 3949; x_wconf 90' lang='lat' dir='ltr'><strong>zonte</strong></span> <span class='ocrx_word' id='word_1_323' title='bbox 331 3885 558 3971; x_wconf 86' lang='lat' dir='ltr'><strong>aliquantillum</strong></span> <span class='ocrx_word' id='word_1_324' title='bbox 583 3877 632 3951; x_wconf 83' lang='lat' dir='ltr'><strong>vel</strong></span> <span class='ocrx_word' id='word_1_325' title='bbox 659 3885 819 3966; x_wconf 76' lang='lat' dir='ltr'><strong>reoedunt,</strong></span> <span class='ocrx_word' id='word_1_326' title='bbox 850 3888 900 3952; x_wconf 89' lang='lat' dir='ltr'><strong>vel</strong></span> <span class='ocrx_word' id='word_1_327' title='bbox 928 3887 969 3952; x_wconf 86' lang='lat' dir='ltr'><strong>ad</strong></span> <span class='ocrx_word' id='word_1_328' title='bbox 995 3887 1130 3950; x_wconf 89' lang='lat' dir='ltr'><strong>eundem</strong></span> <span class='ocrx_word' id='word_1_329' title='bbox 1159 3887 1320 3964; x_wconf 85' lang='lat' dir='ltr'><strong>accedunt,</strong></span> <span class='ocrx_word' id='word_1_330' title='bbox 1350 3909 1505 3971; x_wconf 88' lang='lat' dir='ltr'><strong>ponamus</strong></span> 
     </span>
     <span class='ocr_line' id='line_1_34' title="bbox 218 3992 1504 4093; baseline 0 -35"><span class='ocrx_word' id='word_1_331' title='bbox 218 3992 323 4072; x_wconf 82' lang='lat' dir='ltr'><strong>Solem</strong></span> <span class='ocrx_word' id='word_1_332' title='bbox 347 3994 510 4058; x_wconf 84' lang='lat' dir='ltr'><strong>Lunemve</strong></span> <span class='ocrx_word' id='word_1_333' title='bbox 535 3993 568 4057; x_wconf 91' lang='lat' dir='ltr'><strong>in</strong></span> <span class='ocrx_word' id='word_1_334' title='bbox 591 3994 620 4059; x_wconf 90' lang='lat' dir='ltr'>L</span> <span class='ocrx_word' id='word_1_335' title='bbox 640 3996 766 4071; x_wconf 86' lang='lat' dir='ltr'><strong>versari,</strong></span> <span class='ocrx_word' id='word_1_336' title='bbox 797 4006 890 4081; x_wconf 90' lang='lat' dir='ltr'><strong>atque</strong></span> <span class='ocrx_word' id='word_1_337' title='bbox 918 3994 991 4058; x_wconf 92' lang='lat' dir='ltr'><strong>inde</strong></span> <span class='ocrx_word' id='word_1_338' title='bbox 1020 3993 1061 4056; x_wconf 84' lang='lat' dir='ltr'><strong>ad</strong></span> <span class='ocrx_word' id='word_1_339' title='bbox 1089 4008 1241 4078; x_wconf 88' lang='lat' dir='ltr'><strong>punctum</strong></span> <span class='ocrx_word' id='word_1_340' title='bbox 1258 3993 1434 4093; x_wconf 36' lang='lat' dir='ltr'><strong>‘meridiani</strong></span> <span class='ocrx_word' id='word_1_341' title='bbox 1464 3993 1504 4058; x_wconf 91' lang='lat' dir='ltr'>M</span> 
     </span>
     <span class='ocr_line' id='line_1_35' title="bbox 215 4101 1504 4191; baseline 0.002 -27"><span class='ocrx_word' id='word_1_342' title='bbox 215 4102 373 4189; x_wconf 85' lang='lat' dir='ltr'><strong>progredi.</strong></span> <span class='ocrx_word' id='word_1_343' title='bbox 418 4101 633 4186; x_wconf 89' lang='lat' dir='ltr'><strong>Tempusculo</strong></span> <span class='ocrx_word' id='word_1_344' title='bbox 646 4125 723 4191; x_wconf 83' lang='lat' dir='ltr'><strong>ergo</strong></span> <span class='ocrx_word' id='word_1_345' title='bbox 736 4126 795 4188; x_wconf 89' lang='lat' dir='ltr'><strong>per</strong></span> <span class='ocrx_word' id='word_1_346' title='bbox 808 4105 958 4190; x_wconf 83' lang='lat' dir='ltr'><strong>angulum</strong></span> <span class='ocrx_word' id='word_1_347' title='bbox 975 4103 1067 4168; x_wconf 90' lang='lat' dir='ltr'><strong>LPl</strong></span> <span class='ocrx_word' id='word_1_348' title='bbox 1082 4135 1117 4160; x_wconf 90' lang='lat'>=</span> <span class='ocrx_word' id='word_1_349' title='bbox 1130 4103 1151 4168; x_wconf 93' lang='lat' dir='ltr'><strong>d</strong></span> <span class='ocrx_word' id='word_1_350' title='bbox 1163 4113 1177 4168; x_wconf 77' lang='lat' dir='ltr'><strong>t</strong></span> <span class='ocrx_word' id='word_1_351' title='bbox 1191 4115 1414 4189; x_wconf 73' lang='lat' dir='ltr'><strong>representem</strong></span> <span class='ocrx_word' id='word_1_352' title='bbox 1428 4125 1504 4189; x_wconf 91' lang='lat' dir='ltr'><strong>pro-</strong></span> 
     </span>
     <span class='ocr_line' id='line_1_36' title="bbox 215 4210 1505 4299; baseline 0.003 -27"><span class='ocrx_word' id='word_1_353' title='bbox 215 4211 376 4296; x_wconf 80' lang='lat' dir='ltr'><strong>gredietur</strong></span> <span class='ocrx_word' id='word_1_354' title='bbox 399 4210 492 4274; x_wconf 88' lang='lat' dir='ltr'><strong>Luna</strong></span> <span class='ocrx_word' id='word_1_355' title='bbox 506 4211 555 4274; x_wconf 90' lang='lat' dir='ltr'><strong>vel</strong></span> <span class='ocrx_word' id='word_1_356' title='bbox 570 4211 626 4275; x_wconf 88' lang='lat' dir='ltr'><strong>Sol</strong></span> <span class='ocrx_word' id='word_1_357' title='bbox 647 4234 688 4276; x_wconf 87' lang='lat' dir='ltr'><strong>ex</strong></span> <span class='ocrx_word' id='word_1_358' title='bbox 711 4211 741 4274; x_wconf 95' lang='lat' dir='ltr'><strong>L</strong></span> <span class='ocrx_word' id='word_1_359' title='bbox 763 4212 796 4275; x_wconf 91' lang='lat' dir='ltr'><strong>in</strong></span> <span class='ocrx_word' id='word_1_360' title='bbox 815 4213 829 4276; x_wconf 93' lang='lat' dir='ltr'><strong>l</strong></span> <span class='ocrx_word' id='word_1_361' title='bbox 847 4225 940 4299; x_wconf 90' lang='lat' dir='ltr'><strong>atque</strong></span> <span class='ocrx_word' id='word_1_362' title='bbox 954 4213 993 4277; x_wconf 88' lang='lat' dir='ltr'><strong>ab</strong></span> <span class='ocrx_word' id='word_1_363' title='bbox 1008 4211 1170 4277; x_wconf 85' lang='lat' dir='ltr'><strong>horizonte</strong></span> <span class='ocrx_word' id='word_1_364' title='bbox 1186 4216 1395 4280; x_wconf 88' lang='lat' dir='ltr'><strong>removebitur</strong></span> <span class='ocrx_word' id='word_1_365' title='bbox 1409 4214 1505 4277; x_wconf 86' lang='lat' dir='ltr'><strong>inter-</strong></span> 
     </span>
     <span class='ocr_line' id='line_1_37' title="bbox 217 4315 1502 4406; baseline 0.005 -28"><span class='ocrx_word' id='word_1_366' title='bbox 217 4316 298 4379; x_wconf 87' lang='lat' dir='ltr'><strong>vallo</strong></span> <span class='ocrx_word' id='word_1_367' title='bbox 313 4316 343 4379; x_wconf 96' lang='lat' dir='ltr'>L</span> <span class='ocrx_word' id='word_1_368' title='bbox 358 4315 398 4378; x_wconf 87' lang='lat' dir='ltr'><strong>h:</strong></span> <span class='ocrx_word' id='word_1_369' title='bbox 423 4316 463 4379; x_wconf 85' lang='lat' dir='ltr'><strong>ad</strong></span> <span class='ocrx_word' id='word_1_370' title='bbox 478 4317 564 4402; x_wconf 93' lang='lat' dir='ltr'><strong>quod</strong></span> <span class='ocrx_word' id='word_1_371' title='bbox 586 4317 807 4382; x_wconf 89' lang='lat' dir='ltr'><strong>inveniendum</strong></span> <span class='ocrx_word' id='word_1_372' title='bbox 821 4321 862 4383; x_wconf 83' lang='lat' dir='ltr'><strong>sit</strong></span> <span class='ocrx_word' id='word_1_373' title='bbox 876 4334 911 4384; x_wconf 91' lang='lat' dir='ltr'><strong>ut</strong></span> <span class='ocrx_word' id='word_1_374' title='bbox 924 4317 996 4384; x_wconf 71' lang='lat' dir='ltr'><strong>ante</strong></span> <span class='ocrx_word' id='word_1_375' title='bbox 1012 4319 1118 4406; x_wconf 81' lang='lat' dir='ltr'><strong>anguli</strong></span> <span class='ocrx_word' id='word_1_376' title='bbox 1134 4319 1175 4384; x_wconf 94' lang='lat' dir='ltr'>M</span> <span class='ocrx_word' id='word_1_377' title='bbox 1190 4321 1218 4384; x_wconf 90' lang='lat' dir='ltr'><strong>P</strong></span> <span class='ocrx_word' id='word_1_378' title='bbox 1233 4321 1263 4384; x_wconf 95' lang='lat' dir='ltr'>L</span> <span class='ocrx_word' id='word_1_379' title='bbox 1278 4321 1403 4386; x_wconf 86' lang='lat' dir='ltr'><strong>casinus</strong></span> <span class='ocrx_word' id='word_1_380' title='bbox 1424 4351 1458 4374; x_wconf 89' lang='lat'>=</span> <span class='ocrx_word' id='word_1_381' title='bbox 1478 4329 1502 4396; x_wconf 83' lang='lat' dir='ltr'><strong>t,</strong></span> 
     </span>
     <span class='ocr_line' id='line_1_38' title="bbox 1209 4425 1491 4504; baseline 0.007 -16"><span class='ocrx_word' id='word_1_382' title='bbox 1209 4437 1242 4504; x_wconf 74' lang='grc' dir='ltr'><strong>-Ι-</strong></span> <span class='ocrx_word' id='word_1_383' title='bbox 1262 4425 1313 4490; x_wconf 86' lang='lat' dir='ltr'><strong>dt</strong></span> <span class='ocrx_word' id='word_1_384' title='bbox 1389 4489 1420 4504; x_wconf 70' lang='grc'><strong>,,</strong></span> <span class='ocrx_word' id='word_1_385' title='bbox 1441 4427 1491 4490; x_wconf 90' lang='lat' dir='ltr'><strong>dt</strong></span> 
     </span>
     <span class='ocr_line' id='line_1_39' title="bbox 1142 4509 1500 4614; baseline 0 0"><span class='ocrx_word' id='word_1_386' title='bbox 1142 4513 1369 4614; x_wconf 63' lang='grc' dir='ltr'><strong>’7ῖῖἷῦ</strong></span> <span class='ocrx_word' id='word_1_387' title='bbox 1444 4509 1500 4593; x_wconf 73' lang='lat' dir='ltr'><strong>&#39;T’</strong></span> 
     </span>
     <span class='ocr_line' id='line_1_40' title="bbox 217 4635 1506 4730; baseline 0.003 -32"><span class='ocrx_word' id='word_1_388' title='bbox 217 4657 258 4698; x_wconf 88' lang='lat' dir='ltr'><strong>ex</strong></span> <span class='ocrx_word' id='word_1_389' title='bbox 269 4658 332 4720; x_wconf 94' lang='lat' dir='ltr'><strong>quo</strong></span> <span class='ocrx_word' id='word_1_390' title='bbox 343 4636 460 4700; x_wconf 89' lang='lat' dir='ltr'><strong>orietur</strong></span> <span class='ocrx_word' id='word_1_391' title='bbox 471 4637 577 4724; x_wconf 80' lang='lat' dir='ltr'><strong>anguli</strong></span> <span class='ocrx_word' id='word_1_392' title='bbox 590 4637 629 4702; x_wconf 93' lang='lat' dir='ltr'>M</span> <span class='ocrx_word' id='word_1_393' title='bbox 642 4639 826 4702; x_wconf 85' lang='lat' dir='ltr'><strong>Ploosinus</strong></span> <span class='ocrx_word' id='word_1_394' title='bbox 841 4661 872 4696; x_wconf 96' lang='lat'>=</span> <span class='ocrx_word' id='word_1_395' title='bbox 890 4650 903 4701; x_wconf 90' lang='lat' dir='ltr'><strong>t</strong></span> <span class='ocrx_word' id='word_1_396' title='bbox 918 4647 950 4714; x_wconf 59' lang='grc'><strong>4-</strong></span> <span class='ocrx_word' id='word_1_397' title='bbox 966 4637 987 4701; x_wconf 93' lang='lat' dir='ltr'><strong>d</strong></span> <span class='ocrx_word' id='word_1_398' title='bbox 999 4649 1079 4702; x_wconf 89' lang='lat' dir='ltr'><strong>t=t</strong></span> <span class='ocrx_word' id='word_1_399' title='bbox 1094 4645 1127 4714; x_wconf 73' lang='lat'><em>4</em></span> <span class='ocrx_word' id='word_1_400' title='bbox 1141 4635 1202 4730; x_wconf 79' lang='lat' dir='ltr'><strong>&#39;le</strong></span> <span class='ocrx_word' id='word_1_401' title='bbox 1215 4643 1236 4700; x_wconf 78' lang='grc' dir='ltr'><strong>θ.</strong></span> <span class='ocrx_word' id='word_1_402' title='bbox 1255 4638 1289 4702; x_wconf 93' lang='lat' dir='ltr'><strong>Si</strong></span> <span class='ocrx_word' id='word_1_403' title='bbox 1294 4640 1360 4724; x_wconf 86' lang='lat' dir='ltr'><strong>jam</strong></span> <span class='ocrx_word' id='word_1_404' title='bbox 1370 4651 1506 4724; x_wconf 86' lang='lat' dir='ltr'><strong>ponatur</strong></span> 
     </span>
    </p>
   </div>
   <div class='ocr_carea' id='block_1_7' title="bbox 216 4465 1123 4554">
    <p class='ocr_par' dir='ltr' id='par_1_8' title="bbox 216 4465 1123 4554">
     <span class='ocr_line' id='line_1_41' title="bbox 216 4465 1123 4554; baseline -0.002 -26"><span class='ocrx_word' id='word_1_405' title='bbox 216 4477 248 4528; x_wconf 90' lang='lat' dir='ltr'><strong>et</strong></span> <span class='ocrx_word' id='word_1_406' title='bbox 262 4465 347 4528; x_wconf 87' lang='lat' dir='ltr'><strong>sinus</strong></span> <span class='ocrx_word' id='word_1_407' title='bbox 370 4490 401 4524; x_wconf 94' lang='lat'><strong><em>=</em></strong></span> <span class='ocrx_word' id='word_1_408' title='bbox 421 4465 463 4541; x_wconf 87' lang='lat' dir='ltr'><strong>T,</strong></span> <span class='ocrx_word' id='word_1_409' title='bbox 486 4467 607 4551; x_wconf 86' lang='lat' dir='ltr'><strong>eritque</strong></span> <span class='ocrx_word' id='word_1_410' title='bbox 620 4468 687 4552; x_wconf 89' lang='lat' dir='ltr'><strong>ipse</strong></span> <span class='ocrx_word' id='word_1_411' title='bbox 702 4467 834 4554; x_wconf 80' lang='lat' dir='ltr'><strong>angulus</strong></span> <span class='ocrx_word' id='word_1_412' title='bbox 850 4467 879 4532; x_wconf 92' lang='lat' dir='ltr'>L</span> <span class='ocrx_word' id='word_1_413' title='bbox 896 4467 951 4531; x_wconf 92' lang='lat' dir='ltr'><strong>Pl</strong></span> <span class='ocrx_word' id='word_1_414' title='bbox 971 4491 1002 4526; x_wconf 93' lang='lat'><strong><em>=</em></strong></span> <span class='ocrx_word' id='word_1_415' title='bbox 1023 4469 1073 4531; x_wconf 77' lang='lat' dir='ltr'><strong>dl</strong></span> <span class='ocrx_word' id='word_1_416' title='bbox 1092 4491 1123 4526; x_wconf 86' lang='lat'>=</span> 
     </span>
    </p>
   </div>
   <div class='ocr_carea' id='block_1_8' title="bbox 0 0 1646 5517">
    <p class='ocr_par' dir='ltr' id='par_1_9' title="bbox 0 0 1646 5517">
     <span class='ocr_line' id='line_1_42' title="bbox 0 0 1646 5517; baseline 0 4"><span class='ocrx_word' id='word_1_417' title='bbox 0 0 1646 5517; x_wconf 95' lang='lat' dir='ltr'><strong> </strong></span> 
     </span>
    </p>
   </div>
  </div>
 </body>
</html>
