3284 5517
233 416 257 460 x
457 350 463 363 ’
703 390 1043 460 .1ura0nucr1o
1368 390 1509 471 [omi

228 568 261 630 in
272 566 336 631 duo
349 564 575 651 hemispboen'a,
591 565 717 629 boreale
727 564 772 629 AE
785 565 868 644 PQ,
879 566 915 629 in
929 586 995 651 quo
1008 575 1055 629 eat
1067 564 1160 649 polus
1174 562 1309 628 borealis
1324 564 1372 644 1²3
1393 580 1426 631 et
1439 588 1512 633 aus

228 670 960 757 traleAEinnquoestpoluaanstralisp.

272 788 301 843 8.
326 777 584 863 Stelloe.singulae‚
599 788 635 840 ut
651 776 684 854 S,
701 776 873 845 incirculis
890 778 913 841 S
930 769 1407 863 SaequatoriAEQparallells,
1423 800 1511 843 oom-

228 888 314 949 uumi
328 886 461 971 sphaeras
475 886 608 951 coelestis
622 896 710 949 motu
724 885 841 949 revolvi
855 884 994 972 quotidie
1008 881 1163 951 videntur.
1207 888 1296 951 Fiaae
1308 888 1512 953 nominantur

227 1018 300 1082 quoe
321 994 451 1059 andem
473 996 555 1059 inter
576 1014 643 1058 seso
664 993 844 1059 distantiam
863 992 1018 1078 perpetuo
1032 1005 1176 1069 servant3
1197 996 1337 1057 erratica
1356 994 1432 1059 verb
1454 1018 1510 1075 scu

224 1105 358 1185 planetae
372 1112 523 1165 vocantur
544 1122 616 1187 quaa
634 1098 795 1165 distantias
810 1120 882 1163 suas
896 1122 916 1164 a
929 1098 1001 1163 fixis
1016 1099 1049 1163 in
1064 1100 1130 1163 dies
1145 1112 1268 1164 mutant
1283 1112 1316 1164 et
1329 1112 1417 1164 motu
1435 1122 1510 1185 prc-

227 1212 298 1295 prio
326 1210 400 1273 serti
425 1209 665 1294 conspiciuntur.
740 1207 882 1272 Planetae
913 1218 987 1269 unt
1016 1218 1135 1291 septem
1164 1206 1228 1271 suis
1252 1208 1387 1291 propriis
1413 1208 1511 1295 signia

227 1316 336 1394 notati,
358 1313 500 1380 videlicet
523 1314 579 1381 Sol
600 1318 643 1393 Θ,
674 1312 767 1379 Luna
803 1318 839 1391 lt,
868 1312 1047 1377 Mercurius
1078 1314 1115 1389 t,
1146 1312 1256 1377 Venus
1284 1318 1321 1391 2,
1352 1314 1443 1378 Mars
1469 1316 1508 1394 δ,

227 1420 351 1504 Jupiter
366 1423 396 1483 u
412 1432 444 1483 et
460 1420 612 1485 Saturnus
631 1422 653 1486 b
670 1441 680 1495 ς
703 1418 814 1482 Terrae
828 1414 904 1482 verb
918 1417 1042 1505 aigum
1056 1428 1104 1481 est
1117 1417 1179 1481 boc
1200 1416 1237 1483 ὃ.

270 1536 302 1591 4.
323 1526 477 1609 Ecuptica
498 1509 544 1590 est
565 1524 698 1589 circulus
721 1524 854 1610 spbaeroe
872 1524 1029 1587 maximus
1048 1544 1141 1608 quem
1162 1536 1305 1589 centrum
1321 1526 1401 1591 solis
1419 1540 1508 1595 motu

227 1635 357 1720 proprio
372 1633 412 1698 ab
426 1654 538 1699 occasu
553 1634 594 1698 ad
608 1644 714 1697 ortum
735 1632 866 1720 singulis
887 1631 978 1695 aunis
997 1629 1173 1695 describere
1186 1630 1319 1696 videtur.
1365 1632 1431 1697 Hic
1448 1636 1509 1699 cir·

188 1762 192 1769 ·
228 1740 317 1807 culus
344 1750 536 1827 arquatorum
556 1738 683 1825 oblique
704 1740 870 1804 intersecat
893 1738 953 1803 sub

228 1848 345 1937 angulo
369 1846 578 1913 inclinationis
603 1846 648 1911 AE
672 1846 704 1910 T
734 1846 953 1932 C,graduu1n

229 1962 292 2039 28}
327 1956 458 2019 circiter.
519 1954 641 2019 Puncta
665 1952 730 2017 duo
755 1954 898 2037 opposita
919 1954 953 2017 in

228 2064 342 2150 quibus
367 2072 508 2149 aquator
532 2076 564 2125 et
588 2060 730 2145 ecliptica
754 2082 820 2123 sesa
844 2058 955 2123 mutuo

230 2182 344 2248 secant,
370 2170 594 2253 oeqadaoctialsb
614 2168 762 2233 dicuntur
775 2166 862 2254 qnod
881 2167 955 2231 Sole
985 2208 991 2215 ·

229 2275 667 2361 iniispositodiesubique
691 2287 846 2341 terrarum
869 2274 955 2338 nocti

229 2382 358 2469 aequalis
373 2383 422 2460 sit,
439 2394 471 2445 et
484 2381 558 2445 inde
572 2392 695 2466 tempus
709 2403 773 2467 quo
786 2382 842 2447 Sol
855 2402 955 2467 punc·

231 2504 298 2557 tum
316 2490 499 2553 alterutrum
512 2488 729 2574 aequinoctiale
742 2490 877 2576 attingit,
899 2512 957 2553 vo·
1016 2502 1039 2563 Ι·

231 2613 320 2665 catur
345 2594 576 2682 aqumoctium.
620 2595 777 2661 Punctum
797 2597 956 2682 aequimo-

229 2706 302 2770 tials
322 2702 447 2769 vemale
466 2712 514 2766 est
534 2700 617 2766 uude
643 2702 699 2767 Sol
719 2713 806 2768 motu
825 2706 965 2790 proprio*
1023 2736 1029 2745 ·

186 2816 192 2839 “
228 2810 334 2877 versus
351 2810 460 2895 polum
478 2808 635 2873 borealem
649 2810 788 2875 ascendit
804 2812 839 2875 in
858 2810 955 2897 eclip·
1067 2844 1072 2851 ·

228 2920 299 2999 tici,
316 2918 495 2983 autumnale
507 2916 582 2981 verb
596 2918 680 2982 uadi
694 2918 749 2983 Sol
763 2918 871 2983 varsula
884 2920 996 3005 polum
1013 2922 1181 2989 australem
1190 2924 1361 3005 descendit,
1376 2930 1512 3017 ideoque

229 3024 451 3112 aequiuoctiam
469 3034 518 3087 est
536 3023 662 3089 vernale
681 3024 731 3087 vel
745 3024 936 3095 autumnale.
984 3026 1107 3093 Puncta
1127 3032 1300 3119 solstitialia
1322 3046 1395 3098 sunt
1415 3037 1512 3124 eclip-

229 3136 300 3199 tica
312 3145 431 3219 puncta
443 3132 509 3197 duo
523 3131 748 3217 oppositaque
763 3132 917 3217 apnnctia
929 3133 1197 3220 aequinoctialibus
1210 3149 1279 3202 toto
1291 3140 1399 3205 circufi
1412 3141 1518 3228 quad-'

227 3254 317 3307 rante
346 3242 471 3317 distant,
494 3260 626 3326 qunque
647 3238 782 3324 proinde
796 3240 941 3313 ,maxime
954 3242 1107 3306 recedunt
1122 3244 1163 3307 ab
1177 3258 1337 3330 aquatore
1349 3260 1381 3311 et
1394 3249 1513 3337 inqui.

227 3336 288 3415 bua
301 3370 448 3415 ascensus
465 3348 546 3413 Solis
557 3346 652 3432 sopri
661 3360 851 3435 aquatorum
862 3362 895 3412 et
904 3349 1072 3416 descensus
1081 3350 1162 3415 iuinl
1175 3354 1307 3417 eundem
1318 3360 1512 3427 terminatur.

230 3456 358 3522 Horum
378 3464 568 3539 punctorum
588 3454 676 3538 prius
697 3455 841 3519 aestivum
868 3454 1046 3540 appellatur
1068 3479 1132 3543 quo
1156 3459 1304 3522 nimirum
1329 3466 1515 3532 terminatur

230 3562 312 3629 Solis
326 3582 471 3627 ascensus
485 3558 581 3644 sopri
595 3570 804 3644 aequatorem3
827 3561 981 3645 posterius
1001 3562 1143 3628 brumale
1156 3563 1208 3627 vel
1221 3563 1406 3650 hybernum.
1451 3572 1514 3637 Di.

229 3660 342 3733 cuntur
364 3666 535 3733 solstitialia
548 3666 635 3753 quod
650 3666 723 3733 Sole
743 3667 777 3731 in
798 3666 836 3732 iis
856 3678 1090 3753 romaum-per
1113 3670 1233 3757 abquot
1252 3672 1319 3737 dies
1339 3698 1380 3738 ex
1399 3676 1515 3746 eodem

227 3774 397 3839 horizontis
423 3784 540 3858 puncto
564 3772 649 3849 oriri,
665 3784 697 3836 et
711 3794 730 3837 e
747 3773 886 3859 regione,
900 3774 934 3836 in
948 3774 1059 3838 eodetn
1073 3788 1193 3859 puncto
1205 3776 1349 3842 occidere
1362 3780 1514 3851 videamr.

229 3883 372 3966 Tempus
394 3902 457 3966 quo
481 3879 537 3946 Sol
554 3891 671 3965 puncta
688 3879 861 3945 solstitialia
875 3882 1058 3969 ingradittu,
1081 3897 1211 3949 vocatur
1231 3885 1405 3967 solstitium,
1429 3895 1515 3978 quod

228 3988 301 4053 ideb
315 3986 365 4051 vel
379 3986 522 4051 oesuvum
536 3986 585 4053 vel
599 3987 741 4051 brumale
755 3998 813 4053 cat

271 4097 395 4195 Sigrion
420 4098 533 4160 culeus
557 4108 605 4160 est
629 4096 815 4161 duodecima
837 4118 913 4182 pars
937 4096 1090 4183 οοΙίρῑίοω
1111 4110 1144 4163 et
1165 4100 1199 4162 in
1215 4110 1257 4166 80
1271 4103 1387 4191 gradus
1406 4128 1515 4175 rursus

229 4202 387 4268 dividitur.
444 4203 541 4267 Primi
564 4204 645 4292 signi
665 4206 857 4291 principium
877 4218 926 4271 est
945 4207 979 4270 iu
1000 4220 1120 4293 puncto
1134 4210 1342 4295 aequinoctiali
1355 4216 1474 4281 venali
1494 4242 1514 4285 a

230 4332 294 4397 quo
315 4310 404 4396 sigua
419 4310 459 4373 ab
474 4330 586 4375 occasu
601 4310 635 4373 in
649 4324 753 4376 ortum
771 4310 865 4397 juxti
884 4324 1009 4376 motum*
1024 4313 1188 4397 proprium
1204 4316 1286 4380 Solis
1300 4334 1514 4389 numerantur.

232 4417 295 4481 sax
310 4425 384 4479 sumt
397 4413 533 4477 borealia
546 4436 603 4498 per
618 4414 776 4481 borealem
790 4416 942 4503 ecliptica
962 4430 1084 4502 partem
1098 4418 1272 4499 distributa,
1287 4421 1398 4509 bisque
1412 4429 1514 4491 nomi.

230 4521 321 4589 nibus
347 4541 385 4585 ao
409 4518 637 4587 characteribus
662 4522 842 4611 designata:
890 4524 983 4591 Aries
1007 4536 1051 4603 φ,
1082 4524 1209 4592 Taurus
1244 4536 1280 4607 s,
1311 4528 1438 4596 Gemini
1471 4532 1518 4613 n‚'
