3284 5517
209 351 272 407 110
509 346 574 412 DE
597 348 751 415 CAUSA
775 350 982 418 PHYSICA
1003 348 1195 417 FLUXUS

204 524 294 577 motu
315 513 418 578 Lunae
439 515 604 601 desumpta
626 517 813 607 adhibenda,
840 531 876 583 ut
888 531 1011 605 tempus
1026 542 1090 606 quo
1103 540 1191 583 mare
1204 514 1247 581 ad
1260 517 1431 581 maximam
1445 538 1494 580 as·

205 633 313 709 surget
331 622 526 689 altitudinem
548 625 600 689 die
620 628 773 691 novilunii
794 628 844 693 vel
863 629 1027 713 plenilunii
1041 627 1215 716 accuratius
1230 626 1407 692 definiatur.
1453 627 1494 691 In

203 730 356 794 aestuariis
371 744 475 795 autem
490 732 605 797 diversi
619 734 757 799 existunt
771 746 865 799 aestus
879 747 1030 820 tempore,
1054 747 1091 800 ut
1110 735 1249 821 loquitur
1272 734 1404 812 Plinius,
1427 756 1493 798 non

202 843 324 906 ratione
338 841 507 907 discordes.
551 845 629 909 Duo
643 860 738 911 aestus
752 846 807 933 qui
821 846 952 933 singulis
967 846 1077 911 diebus
1092 846 1321 930 producuntur,
1337 869 1404 911 non
1418 860 1494 909 sunt
1545 857 1552 866 “

202 972 326 1036 semper
340 950 495 1037 aequales,
518 953 662 1017 matutini
676 955 761 1018 enim
776 957 909 1040 majores
925 967 998 1020 sunt
1011 956 1195 1041 vespertinis
1214 968 1356 1042 tempore
1376 956 1491 1043 hyber-

201 1077 254 1133 no,
271 1058 407 1121 minores
422 1072 563 1143 tempore
577 1060 696 1137 aestivo,
712 1060 887 1147 praesertim
901 1062 935 1124 in
949 1062 1082 1149 syzygiis
1093 1062 1306 1153 luminarium.
1323 1064 1363 1147 (⁸)

245 1161 290 1226 11.
312 1162 365 1226 De
380 1176 468 1225 motu
482 1164 577 1227 maris
591 1178 751 1229 menstruo
764 1168 825 1230 tria
838 1166 997 1253 praecipue
1012 1178 1085 1230 sunt
1094 1166 1298 1231 observande.
1337 1176 1366 1231 1.
1379 1166 1491 1234 AEstus

200 1270 282 1333 liunt
294 1270 424 1334 maximi
440 1268 569 1357 singulis
583 1272 743 1336 mensibus
756 1272 852 1358 pauld
865 1288 939 1358 post
952 1272 1094 1361 syzygias
1106 1274 1188 1338 Solis
1199 1286 1232 1339 et
1242 1274 1354 1353 Lunoe,
1367 1274 1491 1339 decres-

201 1370 276 1445 cunt
290 1362 323 1441 in
337 1380 470 1445 transitu
485 1379 587 1443 Lunae
602 1380 643 1445 ad
658 1380 873 1467 quadraturas,
895 1394 928 1448 ct
948 1395 1021 1473 sunt
1040 1382 1223 1469 paulopost
1237 1383 1367 1449 minimi.
1411 1384 1485 1450 Dif-

198 1488 329 1552 ferentis
343 1499 429 1551 tanta
443 1498 499 1566 est,
517 1499 551 1552 ut
566 1510 711 1555 ascensus
731 1491 826 1555 totius
841 1514 931 1579 aquae
944 1493 1099 1558 maximus
1115 1496 1154 1557 sit
1168 1494 1211 1558 ed
1224 1478 1389 1558 minimum
1405 1496 1487 1579 ejus·

199 1600 271 1664 dem
286 1600 411 1678 mensis,
428 1598 600 1663 secundum
615 1601 767 1687 quasdam
781 1603 1024 1682 observationes,
1043 1616 1079 1669 ut
1094 1614 1113 1670 9
1129 1604 1170 1669 ad
1185 1613 1215 1684 5,
1232 1618 1264 1669 et
1278 1606 1312 1667 in
1327 1604 1489 1668 nonnullis

198 1707 321 1771 casibus
344 1704 520 1770 differentia
546 1705 730 1773 observatur
755 1705 869 1775 adhuc'
884 1714 994 1796 major.
1049 1719 1080 1776 1.
1109 1712 1219 1776 AEstus
1245 1724 1318 1776 sunt
1342 1713 1486 1797 majores,

197 1818 317 1881 caeteris
339 1816 478 1906 paribus,
502 1816 565 1904 qud
586 1818 690 1883 minor
711 1831 759 1885 est
779 1820 926 1885 distantia
941 1820 1043 1885 Lunae
1057 1844 1077 1885 a
1090 1820 1202 1898 Terra,
1219 1820 1313 1906 idque
1328 1820 1362 1882 in
1376 1820 1487 1904 majori

198 1927 318 1991 ratione
334 1924 428 2013 quim
442 1929 564 1993 inversa
578 1927 735 2013 duplicata
750 1920 976 2007 distantiarum,
999 1943 1035 1994 ut
1054 1952 1094 1994 ex
1107 1930 1201 1993 variis
1216 1929 1486 1993 observationibus

197 2034 366 2122 colligitur.
397 2034 459 2099 Ex.
470 2058 519 2123 gr.
531 2058 615 2101 anno
627 2044 719 2106 1718.
735 2056 882 2103 ascensus
892 2060 982 2125 aquae
996 2038 1031 2102 in
1042 2038 1140 2103 Portu
1157 2039 1345 2116 Bristonico,
1359 2038 1398 2122 (b)
1411 2027 1490 2101 refe-

195 2155 283 2206 rente
304 2143 417 2208 eodem
433 2145 471 2210 cl.
487 2147 565 2224 viro,
588 2154 652 2211 260.
659 2146 752 2213 Febr.
768 2147 827 2212 fuit
840 2147 957 2233 pedum
971 2154 1014 2212 11
1029 2146 1199 2235 digitorum
1214 2156 1245 2212 5.
1261 2157 1292 2211 et
1307 2146 1421 2212 Martii
1432 2154 1495 2210 130.

194 2250 313 2336 pedum
336 2262 386 2319 18.
403 2252 492 2341 digit.
510 2262 540 2319 1.
586 2254 766 2321 Declinatio
788 2258 890 2322 Lunae
910 2256 944 2320 in
965 2268 1099 2342 utroque
1120 2278 1195 2320 casu
1216 2254 1280 2319 fere
1296 2255 1430 2332 ,eedem3
1453 2252 1487 2316 in

194 2358 293 2441 priori
315 2358 587 2425 distantia-Lunae
608 2362 745 2447 partium
761 2372 835 2441 958,
858 2364 891 2427 in
904 2364 1071 2447 posteriori
1084 2362 1221 2447 partium
1239 2370 1333 2441 1081,
1350 2383 1486 2446 quarum

196 2466 344 2533 distantia
364 2469 529 2534 mediocris
555 2483 602 2535 est
629 2479 723 2537 1000.
772 2470 832 2535 Est
852 2484 956 2536 autem
983 2470 1169 2557 quadratum
1187 2470 1309 2534 numeri
1337 2476 1420 2534 1081
1447 2469 1489 2534 ad
1564 2494 1571 2505 ·

194 2578 382 2665 quadratum
403 2584 526 2646 numeri
549 2592 623 2662 958,
654 2595 690 2647 ut
711 2590 752 2646 11
773 2582 870 2667 pedes
893 2592 912 2648 5
934 2582 1023 2671 digit
1046 2582 1088 2646 ad
1111 2590 1151 2647 19
1173 2580 1269 2666 pedes
1294 2580 1333 2661 1}
1354 2579 1489 2667 digitos;

194 2710 340 2753 ascensus
356 2702 460 2753 autem
475 2713 565 2776 aquoe
580 2692 613 2754 in
628 2690 793 2776 posteriori
807 2713 881 2754 casu
896 2689 954 2754 fuit
968 2689 1093 2754 tantum
1106 2698 1145 2753 18
1160 2688 1232 2775 ped.
1244 2710 1316 2752 cum
1331 2696 1352 2751 1
1367 2688 1483 2775 digitis.

196 2804 226 2859 8.
252 2796 364 2861 AEstus
387 2808 470 2876 sunt,
494 2799 615 2863 caeteris
636 2798 773 2883 paribus,
797 2799 941 2883 majores,
965 2796 1038 2862 crim
1062 2798 1156 2863 Luna
1170 2809 1311 2861 versatur
1323 2796 1358 2859 in
1373 2795 1491 2859 circulo

197 2905 417 2989 aequinoctiali,
433 2919 465 2972 et
479 2907 663 2971 minuuntur
679 2918 838 2971 crescente
853 2906 957 2971 Lunae
972 2905 1182 2971 declinatione
1197 2904 1237 2967 ab
1252 2903 1313 2967 hoc
1327 2903 1454 2969 circulo.
1507 2941 1511 2953 ·

239 3016 303 3082 ΙΙΙ.
330 3016 441 3081 AEstus
467 3016 558 3095 fiunt,
584 3018 704 3082 caeteris
736 3018 875 3104 paribus,
898 3020 1042 3103 majores,
1068 3014 1132 3103 qud
1152 3015 1329 3107 minorest·
1343 3008 1506 3079 distantia*

172 3116 176 3141 ’
197 3126 280 3191 Solis
304 3150 324 3191 e
345 3128 447 3192 Terra
454 3152 463 3205 ;
484 3122 628 3213 'adedque
651 3128 784 3213 majores
805 3127 917 3214 hyeme
941 3127 1060 3191 caeteris
1084 3124 1223 3211 puribuS,
1250 3122 1345 3209 quim
1370 3135 1488 3188 aestate.

193 3234 386 3299 Differentia
408 3234 485 3300 verd
508 3235 602 3325 longe
624 3237 729 3300 minor
749 3250 797 3300 est
818 3234 912 3321 quim
929 3259 1000 3323 quae
1015 3258 1055 3299 ex
1069 3233 1198 3297 diversis
1220 3232 1323 3296 Lunae
1337 3231 1490 3296 distantiis

192 3343 301 3407 oritur.
336 3344 398 3411 Ex.
413 3368 461 3433 gr.
479 3344 637 3409 distantiae
654 3344 759 3411 Lunae
773 3344 911 3433 perigeae
924 3344 1052 3409 fuerunt
1065 3342 1200 3430 equales
1215 3340 1302 3405 Junii
1326 3350 1375 3419 19,
1395 3344 1488 3411 1711.

193 3466 225 3517 et
240 3454 422 3519 Decembri.
439 3463 494 3533 18,
514 3464 607 3524 1711.
623 3477 769 3521 ascensus
784 3477 874 3541 aquoe
895 3453 1000 3539 priore
1015 3453 1066 3517 die
1079 3450 1196 3536 pedum
1213 3455 1251 3514 18
1267 3448 1354 3537 digit.
1370 3461 1400 3514 4.
1415 3473 1486 3535 pos-

193 3560 302 3624 teriori
322 3560 442 3647 pedum
469 3570 518 3625 19.
540 3558 634 3649 digit.
653 3569 705 3636 1.;
728 3553 895 3625 declinatio
915 3572 1021 3624 autem
1042 3557 1144 3624 Lunae
1157 3554 1216 3621 fuit
1228 3555 1325 3642 pauli)
1338 3556 1441 3621 minor
1455 3557 1488 3621 in

191 3664 252 3730 huc
267 3664 361 3753 quim
377 3669 410 3757 in
428 3667 482 3731 illa
497 3666 722 3731 observatione.
739 3668 775 3751 (⁰)
1502 3743 1506 3752 .

237 3773 339 3837 Porro
365 3775 398 3837 in
424 3773 560 3839 diversis
589 3772 668 3837 locis
693 3785 788 3838 aestus
814 3783 887 3836 sunt
910 3770 1035 3849 diversi,
1060 3793 1120 3857 pro
1144 3769 1231 3833 varia
1253 3767 1395 3834 locorum
1418 3769 1488 3833 lati·

196 3864 317 3959 tudine,
349 3905 523 3969 eorumque
550 3882 611 3946 situ
636 3894 780 3966 respectu
805 3882 914 3945 oceani
943 3880 1028 3944 unde
1055 3892 1277 3969 propagantur,
1303 3902 1363 3965 pro
1391 3877 1489 3963 ipsius

195 3988 304 4053 oceani
331 3970 550 4075 amplitudine,
577 4001 609 4053 et
635 3988 777 4053 littorum
800 3986 1014 4072 fretorrmrque
1041 3986 1156 4065 indole,
1181 3984 1308 4073 aliisque
1333 3984 1425 4050 variis
1449 3984 1489 4048 de

193 4120 304 4163 causis.

211 4331 264 4415 μ(π)
279 4330 355 4379 urm.
368 4330 398 4379 ae
409 4330 504 4381 mea.
521 4332 619 4395 noyer,
634 4338 703 4383 171⁰.
718 4338 786 4385 ma
801 4342 826 4383 et
893 4331 929 4396 (θ)
947 4331 1022 4381 nea
1035 4330 1170 4381 uinea
1187 4330 1285 4393 noyue,
1298 4334 1367 4381 nm
1383 4335 1452 4382 rna.
1464 4339 1490 4377 a

196 4400 266 4523 Ιιέξὶ).
278 4458 339 4509 Ibid·
859 4400 929 4446 171³.
