3284 5517
235 400 297 463 176
526 396 888 505 'PHILOSOPHIAE
910 398 1184 467 NATURALIS
1215 400 1288 481 [Da
1298 398 1430 465 Murro.
1443 398 1548 463 svs-r.

231 566 349 631 nubem
362 558 437 633 ¹esse
457 588 514 634 seu
529 590 678 655 vaporem
691 593 711 633 a
724 570 828 655 capite
843 582 973 635 cometae
989 569 1108 657 jugiter
1122 581 1300 657 surgentem
1314 582 1347 632 et
1361 568 1548 632 abeuntem

231 677 267 741 in
287 691 393 764 partes
416 702 436 743 a
459 678 533 745 Sole
554 702 689 745 aversas.
734 679 857 767 Opinio
877 680 980 765 prima
995 702 1103 743 eorum
1118 681 1233 765 estqui
1254 678 1398 742 nondum
1422 678 1546 741 imbuti

232 803 306 851 sunt
327 785 454 851 scientiis
476 808 583 853 rerum
604 772 789 873 opticsrdm.
835 788 919 852 Nam
935 786 1030 873 jubar
1046 786 1128 852 Solis
1146 786 1179 849 in
1195 784 1340 850 cubiculo
1361 784 1547 849 tenebroso

232 918 298 960 nou
320 898 469 975 cernitur,
490 897 551 963 nisi
567 912 719 984 quatenus
739 898 797 963 lux
810 898 981 964 reflectitur
995 920 1013 964 e
1027 898 1192 984 pulverum
1207 910 1239 965 et
1252 896 1413 962 fumorum
1436 898 1547 982 parti-

232 1002 311 1069 culis
332 1026 392 1089 per
404 1007 519 1079 ‚a'crem
540 1026 664 1090 semper
685 1006 906 1071 volitantibus:
929 1004 1064 1093 ideoque
1082 1006 1117 1070 in
1131 1008 1204 1069 nere
1218 1003 1309 1067 sumis
1324 1004 1545 1068 crassioribus

231 1113 347 1178 infecto
362 1114 556 1200 splendidius
570 1127 628 1194 est,
644 1128 677 1181 et
690 1136 816 1181 sensum
830 1114 940 1180 sortitis
954 1114 1044 1192 ierit3
1059 1116 1093 1178 in
1108 1116 1180 1179 aire
1195 1114 1326 1177 clariore
1342 1113 1477 1177 tenuius
1493 1125 1546 1176 est

232 1234 266 1287 et
286 1220 402 1310 {egrius
424 1222 574 1287 sentitur:
598 1223 631 1286 in
654 1222 741 1287 coelis
762 1236 867 1287 autem
890 1224 956 1287 sine
977 1200 1105 1286 materis
1128 1222 1306 1286 reflectente
1324 1218 1452 1283 nullum
1469 1242 1545 1283 esse

231 1342 345 1417 potest.
391 1331 554 1397 Lux'non
579 1330 719 1396 cernitur
743 1330 897 1418 quitenus
923 1332 956 1394 in
976 1331 1089 1417 jubare
1112 1342 1169 1408 est,
1196 1328 1252 1395 sed
1277 1328 1435 1416 quitenus
1462 1328 1546 1391 inde

232 1438 406 1503 reflectitur
426 1438 467 1503 ad
486 1436 595 1504 oculos
613 1449 747 1509 nostros.
771 1439 878 1507 :Nam
901 1437 979 1501 visio
1003 1458 1069 1503 uon
1089 1436 1127 1501 fit
1144 1437 1206 1502 nisi
1225 1457 1282 1522 per
1298 1436 1405 1501 radios
1421 1438 1483 1523 qui
1507 1437 1543 1499 in

236 1548 345 1613 oculos
364 1548 553 1635 impingunt.
599 1546 902 1634 Requiriturigitur
915 1546 1046 1611 materia
1060 1544 1340 1633 eliqua-reflectens
1354 1544 1387 1608 in
1404 1544 1546 1631 τεςῐοηο
1616 1600 1617 1643 t

236 1654 358 1732 caudoe,
386 1674 429 1718 ne
457 1652 573 1718 coelum
597 1653 794 1725 totumluce
821 1652 908 1718 Solis'
927 1652 1115 1717 illustratum
1138 1650 1333 1716 unifomiiter
1355 1650 1543 1736 splendeat.
1616 1686 1617 1689 =

237 1760 358 1847 Opinio
380 1758 519 1825 secrmda
532 1758 639 1835 multis
660 1759 813 1844 prs-itm
833 1758 1074 1825 difficultatibus.
1120 1758 1239 1823 caude
1252 1778 1417 1845 nunquam
1437 1758 1543 1822 varie

144 1871 147 1878 '
235 1884 353 1961 gantur
364 1869 551 1953 coloribus:
573 1868 629 1954 qni
649 1881 754 1933 tamen
776 1866 1202 1935 refractiontrmsolent'esse
1223 1868 1351 1932 comites
1372 1866 1552 1952 insepara-
1616 1898 1617 1921 t

234 1980 324 2045 biles.
369 1978 445 2065 Lux
466 1978 604 2042 fixarum
624 1988 657 2042 et
676 1977 872 2062 planetarum
895 1960 1040 2041 distincte
1062 1976 1103 2042 ed
1123 1984 1190 2041 nos'
1202 1978 1384 2042 transmissa
1404 1978 1541 2043 demon-

237 2102 315 2155 strat
328 2089 469 2155 medirun
483 2088 610 2153 coeleste
624 2074 711 2151 nulli
724 2086 756 2149 vi
771 2084 935 2167 refractivd
948 2086 1089 2171 pollere:
1114 2086 1199 2151 Nam
1214 2087 1299 2173 quod
1313 2086 1442 2165 dicitur,
1458 2088 1541 2151 fixas

240 2197 281 2262 ab
305 2195 466 2284 AEgyptiis
492 2207 628 2258 cometas
653 2214 881 2278 nonnunquam
901 2192 983 2257 visas
1003 2192 1108 2270 fuisse,
1135 2192 1178 2270 id,
1202 2193 1350 2280 quoniam
1376 2194 1539 2259 rarissime

237 2304 400 2392 mutingit,
431 2300 676 2368 adscribendum
712 2315 760 2366 est
793 2302 925 2367 nubium
955 2302 1133 2367 refractioni
1162 2302 1309 2369 fortuitae.
1356 2304 1538 2369 'Fixarum

239 2432 366 2498 quoque
388 2407 522 2473 radiatio
547 2421 579 2473 et
603 2408 780 2474 scintillatio
801 2408 842 2474 ad
868 2408 1068 2475 reflectiones
1093 2422 1161 2475 turn
1180 2412 1343 2479 oculorum
1365 2424 1437 2477 turn
1458 2414 1541 2479 aeris

243 2518 369 2584 tremuli
384 2516 557 2582 referendae
567 2530 661 2582 sunt:
677 2518 793 2605 quippe
807 2538 879 2603 quae
893 2516 1026 2583 admotis
1041 2516 1133 2583 oculo
1148 2518 1322 2605 telesoopiis
1336 2526 1541 2585 evanescunt.

239 2630 334 2694 Adria
357 2641 389 2692 et
413 2628 650 2693 ascendentium
668 2649 821 2715 vaporum
842 2642 977 2696 nemore
1000 2630 1046 2709 fit,
1069 2642 1105 2695 ut
1126 2630 1206 2697 radii
1227 2630 1381 2698 saessetde
1401 2646 1544 2722 augusto

240 2737 372 2823 pupillre
393 2738 495 2823 spatio
515 2759 573 2823 per
594 2738 678 2803 n‘ces
704 2737 959 2826 detorqueantur,
979 2739 1019 2803 de
1043 2738 1155 2805 latiore
1175 2753 1280 2806 autem
1298 2740 1372 2805 vitri
1392 2741 1544 2827 objectiri

240 2844 389 2933 apertori
411 2846 604 2933 neutiquam
648 2845 730 2912 Inde
743 2847 892 2933 estquod
906 2846 1082 2921 scintillatio
1096 2848 1129 2916 in
1146 2849 1245 2934 priori
1264 2872 1339 2915 casu
1358 2862 1543 2937 generetur,
1616 2906 1617 2911 ,

239 2955 272 3018 iu
295 2955 468 3039 posteriore
490 2966 597 3017 autem
617 2965 736 3018 cesset:
758 2965 792 3018 et
805 2956 935 3021 cessatio
950 2956 983 3018 in
997 2957 1170 3040 posteriore
1185 2978 1259 3021 casu
1274 2956 1471 3021 demonstrat
1494 2978 1545 3021 re-

239 3063 383 3152 gularem
403 3063 671 3141 transmissionem
690 3061 770 3127 lucis
791 3044 854 3149 per
871 3064 967 3129 ooelos
989 3065 1057 3130 siue
1077 3066 1165 3131 omni
1186 3066 1373 3131 refractione
1388 3065 1545 3129 sensibili.

240 3173 292 3238 Ne
310 3171 379 3257 quis
388 3174 557 3242 contendat
571 3172 659 3262 quod
678 3172 788 3239 caudoe
803 3196 874 3247 non,
883 3174 1002 3241 soleant
1016 3174 1115 3241 videri
1136 3174 1169 3239 in
1184 3176 1324 3253 cometis,
1340 3172 1413 3239 crim
1430 3196 1544 3239 eorum

238 3288 297 3354 lux
311 3306 377 3347 non
391 3297 439 3349 est
453 3284 527 3351 satis
541 3282 644 3363 fortis,
662 3284 735 3371 quin
749 3296 826 3348 tunc
839 3282 919 3349 radii
935 3284 1110 3349 secundarii
1124 3306 1189 3349 non
1204 3282 1322 3349 habent
1336 3284 1411 3348 satis
1426 3282 1544 3347 virium

239 3388 281 3453 ud
296 3390 403 3455 oculos
417 3390 600 3468 movendos,
616 3401 648 3454 et
664 3403 833 3477 propterea
847 3391 964 3456 caudas
974 3392 1111 3455 fixarum
1121 3412 1187 3455 nou
1198 3390 1301 3455 cerni:
1318 3389 1366 3474 (⁹¹)
1377 3388 1544 3453 sciendum

240 3515 289 3567 est
303 3502 389 3589 quod
402 3504 461 3568 lux
474 3502 610 3568 lixarum
624 3502 697 3587 plus
711 3516 837 3567 centum
851 3503 971 3567 vicibus
985 3502 1092 3590 augeri
1107 3513 1211 3586 potest
1223 3500 1435 3565 mediantibus
1451 3498 1544 3564 teles-

241 3610 350 3696 copiis,
373 3632 432 3675 nec
446 3623 560 3691 ‘umen
581 3610 691 3691 caudoe
713 3590 895 3676 cemmtur.
940 3608 1141 3675 Plaueturnm
1164 3628 1288 3695 quoque
1309 3608 1364 3671 lux
1383 3606 1545 3692 'copiosior

240 3729 299 3794 est,
322 3717 433 3781 modae
453 3715 529 3781 verb
550 3716 666 3780 nullae:
689 3728 820 3812 cometae
835 3729 941 3779 autem
957 3736 1041 3801 saepe
1055 3713 1266 3779 caudatissimi
1281 3725 1363 3790 sunt,
1386 3714 1444 3776 ubi
1458 3714 1544 3799 cepi
1616 3704 1617 3721 ¹

241 3842 309 3893 tum
330 3826 388 3892 lux
409 3828 511 3893 tennis
533 3839 634 3893 estet
653 3826 743 3891 valde
758 3828 880 3891 obtusa.
926 3827 979 3891 Sic
993 3825 1215 3888 enim-cometa
1228 3826 1302 3887 anni
1320 3832 1544 3899 rononiense
1616 3894 1617 3901 ἵ

244 3935 429 4014 Decembri
450 3959 515 4021 quo
529 3950 671 4021 tempore
685 3949 781 4021 caput
792 3934 863 4000 luce
878 3932 932 3999 sui
948 3934 1002 3999 vix
1015 3932 1161 4020 aequabat
1174 3932 1277 3999 stellas
1292 3930 1441 3997 secunde
1454 3955 1543 4019 mag·

240 4046 401 4125 mitudinis,
418 4047 550 4111 caudam
564 4047 725 4111 emittebat
740 4046 906 4133 splendore
920 4045 1050 4110 notabili
1064 4046 1220 4132 usquead
1233 4046 1350 4133 gradus
1365 4055 1419 4123 40,
1432 4052 1486 4124 ⁵0,
1499 4054 1542 4112 60

241 4155 291 4218 vel
306 4162 348 4223 70
363 4154 569 4244 longitudinis
583 4168 617 4220 et
628 4153 729 4219 ultrei:
752 4168 862 4240 postea
876 4154 947 4223 Jan.
964 4161 1005 4221 at
1018 4166 1050 4217 et
1064 4161 1106 4220 28
1119 4166 1213 4237 capnt
1224 4152 1396 4239 apparebat
1405 4164 1443 4215 ut
1453 4152 1543 4217 stella

242 4262 384 4345 septimae
400 4274 523 4327 tantum
536 4261 773 4349 magnitudinis,
796 4242 898 4325 cauda
919 4258 994 4325 verd
1009 4258 1079 4324 luce
1095 4259 1222 4345 quidem
1235 4260 1380 4344 pertenui
1395 4260 1453 4325 sed
1468 4260 1543 4325 satis

243 4368 384 4432 sensibili
398 4369 493 4459 longa
514 4381 582 4434 erat
596 4378 627 4434 6.
642 4368 694 4433 vel
709 4374 739 4438 7.
754 4367 884 4457 gradus,
901 4378 933 4433 et
946 4366 1016 4431 luce
1032 4365 1249 4430 obscurissimi
1258 4388 1267 4442 3
1293 4386 1364 4452 qua:
1380 4368 1468 4431 cerni
1490 4366 1542 4430 vix

275 4534 317 4597 (Μ)
333 4539 345 4566 ”
363 4538 488 4586 Sciendum
497 4545 537 4584 est.
575 4536 610 4585 Ut
626 4534 874 4585 omnmestexteles·
906 4532 1001 4581 visionis
1020 4530 1168 4581 &nodone
1185 4542 1210 4581 ct
1225 4530 1403 4592 telescopim
1423 4530 1543 4581 beneficiis

242 4599 363 4659 epiorum
374 4600 463 4649 meoet
472 4600 625 4660 apudomnes
635 4599 875 4660 passimrarutnopti-
907 4596 972 4645 dedit
985 4596 1072 4646 ebrias.
1083 4596 1117 4645 rir
1126 4596 1215 4645 Robut
1224 4596 1300 4645 oratu
1315 4595 1342 4643 iu
1357 4594 1446 4643 uinta
1464 4595 1542 4659 Opem

242 4679 323 4709 carum
334 4673 358 4713 et
368 4664 547 4725 catoptricamrn
558 4664 687 4724 scriptores.
707 4662 875 4723 Sadespotts-
910 4660 1003 4721 Opu'co.

242 4726 329 4775 simum
345 4728 393 4792 legi
409 4738 528 4777 merentur
543 4743 596 4791 quse
611 4727 642 4775 de
658 4726 717 4775 lucis
733 4728 874 4787 taenaron,
