3284 5517
438 353 630 422 FLUXUS
650 355 713 420 Ac
739 352 993 420 REFLUXUS
1016 353 1188 420 Multis·
1384 363 1446 420 318

161 526 198 592 in
216 527 364 592 fluxubus
386 529 469 592 cuca
489 529 630 615 syzygias
651 547 745 615 quam
759 522 984 613 quadraturas:
1006 528 1040 592 in
1061 523 1258 614 quadraturis
1271 525 1355 592 enim
1369 549 1447 614 quo-

162 635 257 709 niam,
279 633 357 696 dum
378 632 471 698 Luna
491 655 549 718 per
568 633 777 698 meridianum
797 635 918 712 transit,
942 634 995 702 Sol
1011 657 1077 700 non
1091 656 1214 720 semper
1234 634 1268 698 in
1284 633 1446 700 horizonte

161 753 310 818 versatur,
334 739 391 804 sed
411 739 461 804 vel
481 739 524 804 ad
544 739 736 804 horizontem
759 739 886 804 demum
909 741 1029 806 accedit
1048 741 1097 806 vel
1113 743 1180 826 jam
1200 742 1241 829 ab
1260 763 1298 808 eo
1314 741 1443 820 recedit,

159 869 286 912 necesse
307 861 355 912 est
375 860 411 912 ut
430 846 485 912 illo
505 869 579 912 casu
598 848 704 912 fluxus
726 847 826 926 citius,
848 848 909 912 hoc
929 847 1005 916 verti
1024 847 1143 913 tardids
1157 849 1336 937 contingat:
1359 849 1444 936 quod

159 957 328 1021 discrimen
338 953 412 1020 crim
424 956 539 1040 partim
549 956 590 1020 ub
600 957 773 1021 elevatione
785 957 861 1041 poli,
873 957 988 1042 partim
997 957 1231 1024 adeclinatione
1245 959 1443 1026 luminarium

157 1072 305 1156 pendeat,
319 1085 478 1136 momenta
491 1072 635 1136 fluxuum
648 1071 682 1134 in
696 1070 894 1156 quadraturis
908 1069 1008 1156 magis
1022 1068 1205 1158 irregularia
1218 1069 1338 1134 reddit:
1362 1073 1442 1136 inte·

156 1180 218 1244 rim
241 1192 346 1244 tamen
368 1179 472 1244 habiti
496 1179 609 1243 harum
632 1180 932 1243 circumstantiarum
957 1179 1077 1245 ratione
1100 1180 1174 1243 satis
1196 1169 1295 1264 prop'd
1318 1180 1442 1244 definiri

67 1352 71 1356 Α
155 1301 269 1372 potest
315 1289 408 1353 Circa
427 1300 570 1372 tempora
589 1288 732 1352 fluxuum
753 1300 868 1365 autem,
889 1288 998 1372 quiin
1018 1287 1184 1354 noviluniis
1206 1309 1243 1352 aa
1264 1288 1441 1373 pleniluniis

155 1394 307 1472 incidunt,
322 1393 392 1458 haec
407 1395 474 1458 sola
487 1395 640 1458 eorrectio
652 1411 708 1458 seu
722 1393 864 1458 reductio
875 1393 919 1456 ad
933 1394 1096 1458 transitum
1111 1393 1213 1459 Lunae
1225 1415 1283 1478 per
1297 1392 1441 1458 meridia-

153 1525 233 1568 num
253 1523 380 1566 omnem
400 1501 465 1566 ferd
482 1501 670 1568 anomaliam
683 1502 773 1580 tollit,
795 1523 947 1588 quorsum
960 1514 1081 1586 spectat
1093 1501 1234 1590 reguloa
1250 1502 1346 1566 celeb.
1363 1503 1440 1568 Ces-

153 1612 223 1702 sino
243 1611 276 1674 in
300 1610 399 1674 Mem.
417 1618 512 1678 1710.
535 1610 657 1688 tradita,
680 1609 742 1696 qui
763 1633 823 1695 pro
837 1610 967 1675 totidem
980 1609 1078 1688 horis,
1100 1611 1212 1698 quibus
1234 1610 1440 1695 plenilunium

154 1741 210 1782 seu
223 1716 419 1780 novilunium
431 1715 480 1779 vel
496 1730 569 1780 ante
581 1716 744 1782 meridiem
758 1715 808 1780 vel
821 1728 895 1801 post
907 1717 1026 1795 incidit,
1041 1717 1172 1782 totidem
1185 1716 1260 1782 bina
1270 1718 1390 1782 minuta
1399 1719 1440 1783 ad

155 1842 279 1912 tempos
293 1826 398 1892 fluxis
412 1827 551 1892 medium
565 1827 616 1890 vel
628 1826 744 1890 addere
758 1826 807 1889 vel
822 1826 863 1890 ab
877 1849 916 1898 eo
931 1825 1114 1892 subtrahere
1123 1827 1223 1912 jubet,
1239 1827 1355 1912 quippo
1369 1849 1440 1913 quae

153 1959 195 2002 ex
209 1949 299 2001 motu
313 1936 417 2000 Lunae
429 1947 477 1999 est
489 1935 598 2019 petita·
643 1933 774 2000 Interim
781 1931 888 2001 tamen
901 1934 961 1999 hic
976 1935 1168 2000 correctione
1182 1935 1320 2002 adhibiti
1335 1936 1438 2023 aliqua

153 2044 309 2109 momalia
328 2066 491 2129 superesse
511 2042 764 2127 deprehenditrm
787 2045 875 2127 cujus
898 2055 1003 2108 autem
1025 2044 1106 2108 ratio
1129 2065 1170 2107 ex
1190 2043 1297 2110 nostri
1318 2043 1438 2108 theorici

152 2165 263 2236 sponte
285 2150 434 2237 sequitur,
479 2149 617 2224 Quando
639 2147 723 2211 euim
742 2149 869 2234 syzygia
888 2160 960 2212 ante
981 2149 1144 2214 meridiem
1163 2149 1346 2225 celebratur,
1370 2165 1437 2214 tum

151 2256 229 2320 dum
250 2255 343 2322 Luna
363 2274 421 2340 per
441 2254 649 2318 meridianum
669 2253 790 2331 transit,
814 2253 871 2319 Sol
886 2255 953 2338 jam
975 2266 1047 2318 ante
1061 2275 1133 2318 eum
1148 2266 1195 2318 cst
1211 2265 1435 2340 trangressus,

89 2423 93 2429 .
150 2375 246 2450 atque
269 2361 342 2426 ideo
362 2363 430 2446 jam
452 2358 608 2426 horizonti
633 2359 872 2445 appropinquet,
898 2380 938 2422 ex
963 2381 1030 2444 quo
1052 2381 1178 2424 necesse
1203 2373 1250 2424 est
1272 2372 1307 2424 ut
1332 2359 1437 2424 fluxus

151 2468 242 2534 citids
265 2469 397 2546 eveniat,
422 2465 516 2554 quim
536 2468 640 2552 prima
661 2466 771 2554 regula
794 2466 861 2530 sola
883 2465 1022 2530 adhibita
1045 2465 1171 2530 indicat.
1217 2468 1323 2552 Atque
1344 2465 1437 2529 etiam

152 2577 237 2643 idem
258 2579 293 2642 iu
313 2576 426 2642 tabulis
446 2577 590 2642 fluxumu
610 2574 818 2661 Dunlterquoe
840 2586 872 2638 et
893 2573 926 2636 in
942 2574 1041 2638 Portu
1057 2575 1177 2640 Gratiae
1191 2575 1435 2654 observammm,

152 2685 253 2750 Mem.
279 2691 372 2753 1710.
396 2683 529 2761 insertis,
556 2681 720 2750 manifesto
745 2682 954 2767 conspicitur:
986 2682 1113 2768 quando
1135 2683 1219 2748 euim
1243 2681 1437 2750 novilunium

149 2793 396 2880 pleniluniumve
416 2791 559 2878 pluribus
580 2790 668 2854 horis
690 2804 762 2856 ante
787 2789 949 2854 meridiem
974 2790 1098 2868 accidit,
1122 2803 1190 2856 tum
1214 2792 1319 2856 fluxus
1345 2789 1436 2856 citiris

157 2897 321 2960 advenisse
341 2893 536 2967 observatur,
559 2893 652 2977 quim
675 2890 811 2955 calculus
829 2893 1029 2958 Cassinianus
1051 2893 1223 2968 iudicabam
1247 2887 1440 2956 contriverit

157 2999 277 3066 tardids
298 3000 323 3063 si
340 2997 474 3085 syzygiae
487 2996 614 3088 demum
627 2997 768 3081 pluribus
782 2979 869 3062 horis
883 3013 956 3084 post
969 2999 1130 3068 meridiem
1151 2996 1326 3074 inciderint,
1354 2999 1440 3082 cujus

158 3108 285 3193 mayoris
299 3102 516 3170 retardationis
531 3125 624 3168 cauas
645 3104 679 3166 in
702 3103 775 3170 Sole
790 3116 856 3172 tum
871 3104 974 3172 adhuc
988 3106 1028 3172 ab
1043 3105 1202 3172 horizonte
1217 3103 1381 3170 recedente
1394 3117 1441 3168 est

156 3214 334 3302 quaerenda.

198 3331 222 3408 p
240 3333 311 3388 106.
336 3320 510 3407 Septimum
531 3321 760 3407 plraenomenon
782 3319 960 3406 suppeditat
973 3317 1096 3382 diversa
1112 3311 1280 3380 retardatio
1295 3312 1438 3376 fluxuum

158 3428 190 3492 in
212 3427 345 3516 syzygiis
366 3426 567 3492 luminarium
588 3440 621 3491 et
641 3425 838 3514 quadraturis
853 3437 995 3510 respectu
1009 3421 1158 3508 appulsis
1177 3420 1279 3485 Lunae
1293 3417 1334 3484 ad
1348 3417 1441 3480 meri-

156 3537 302 3615 dianum3
324 3537 445 3603 tardius
466 3537 584 3602 scilicet
605 3535 721 3621 ubique
741 3535 882 3598 locorum
902 3533 1016 3610 fluxus,
1040 3531 1094 3618 qui
1115 3529 1148 3594 in
1169 3527 1301 3614 syzygiis
1320 3523 1441 3590 contin·

155 3659 244 3732 gunt,
266 3647 472 3731 insequuntur
493 3644 746 3710 culminationem
768 3642 879 3718 Lunae,
903 3638 996 3728 qudm
1017 3641 1048 3720 ii,
1071 3639 1125 3727 qui
1140 3639 1223 3728 circa
1236 3635 1440 3724 quadraturas

154 3753 293 3817 veniunt.
339 3752 448 3838 Hujus
469 3765 573 3817 autem
594 3748 794 3836 phaenomeni
815 3747 934 3832 duplex
949 3769 1042 3812 causa
1063 3758 1166 3831 potest
1181 3741 1340 3832 assignari,
1363 3761 1441 3825 qua·

152 3885 224 3951 rum
238 3861 340 3946 prima
354 3885 373 3924 a
387 3859 452 3924 soli
468 3860 639 3947 quantitate
652 3871 786 3924 aestuum
799 3857 926 3941 petitur,
950 3855 1023 3942 quia
1037 3855 1120 3920 enim
1134 3866 1228 3918 aestus
1244 3847 1440 3936 syzygiarum

151 3968 252 4032 multo
274 3982 346 4032 sunt
366 3969 499 4053 majores
520 3965 615 4054 quim
636 3978 731 4030 aestus
757 3963 1027 4050 quadratumrum,
1050 3973 1291 4026 consentaneum
1316 3955 1439 4020 videtur

152 4075 221 4139 illos
238 4071 357 4138 tardius
371 4075 477 4137 venire
491 4071 585 4160 quim
606 4073 674 4138 hos.
719 4071 831 4137 Altera
844 4067 919 4135 verd
934 4093 1027 4134 causa
1041 4092 1112 4154 quae
1127 4069 1187 4132 hoo
1208 4066 1439 4151 phaenomenon

152 4183 252 4257 multo
266 4181 442 4247 distinctiris
457 4182 602 4268 explicat,
623 4181 764 4266 nullique
778 4179 875 4243 dubio
889 4178 992 4243 locum
1008 4177 1164 4262 relinquit,
1180 4185 1295 4238 nostrae
1310 4169 1439 4236 theoriae

152 4296 280 4359 omnino
303 4308 351 4358 est
368 4293 507 4378 propria,
527 4294 687 4378 priorique
708 4289 802 4376 longe
822 4303 870 4353 est
892 4285 1095 4373 praeierenda.
1141 4285 1299 4348 Ponamus
1321 4279 1404 4344 enim
1426 4290 1440 4342 t

152 4424 220 4464 esse
234 4413 366 4484 tempus,
388 4421 452 4486 quo
472 4398 506 4462 in
525 4397 690 4461 noviluniis
705 4418 742 4460 ac
756 4395 933 4479 pleniluniis
947 4393 1052 4456 fluxus
1067 4403 1138 4475 post
1154 4387 1318 4474 appulsum
1335 4385 1439 4450 Lunae

152 4510 193 4574 ad
216 4510 423 4574 meridianum
449 4506 554 4571 venire
579 4497 675 4580 solet3
709 4503 916 4588 sequentibus
934 4500 1028 4588 igitur
1053 4497 1164 4563 diebus
1190 4497 1252 4560 hoc
1277 4507 1401 4579 tempus
1425 4505 1440 4557 t

154 4618 302 4684 continui>
326 4620 526 4694 diminuetur,
548 4615 621 4702 quia
643 4625 710 4677 tum
737 4611 801 4687 Sol,
826 4609 902 4674 dum
925 4609 1017 4674 Luna
1038 4607 1071 4672 in
1092 4603 1265 4670 meridiano
1286 4613 1437 4677 versatur,

769 4719 819 4766 Zi
