3284 5517
486 358 679 427 FLUXUS
699 362 761 427 AC
785 362 1040 431 REFLUXUS
1062 362 1221 433 Maius.
1429 373 1493 433 249

210 522 314 589 matris
328 526 487 613 vertiginis
510 540 542 593 et
562 530 716 613 periodici
735 542 847 603 oesmm
860 534 954 597 maris
967 533 1123 617 proficisci
1138 547 1186 599 cst
1197 532 1377 613 arbitratus,
1398 533 1505 621 qarbu*

208 658 249 699 ex
270 650 358 701 motu
373 660 560 724 quocunque
580 642 780 727 progressive
794 643 859 706 sive
876 644 1038 707 rectilineo
1051 645 1116 708 sive
1130 643 1309 721 curvilineo,
1332 644 1359 707 ai
1379 644 1492 709 iseum

206 748 294 807 motu
309 745 459 809 rotatorio
473 746 677 811 combinetur.

249 855 272 933 §.
288 859 319 913 4.
343 848 533 937 Quanqueim
546 864 650 917 autem
663 865 768 919 motus
783 854 894 919 Terrae
907 854 1086 938 periodicas
1098 854 1181 917 circa
1197 852 1303 920 Solem
1317 875 1389 923 cum
1402 865 1490 921 motu

204 957 357 1023 rotatorio
371 960 453 1023 circa
467 982 560 1027 axem
574 964 757 1048 conjunctus
772 962 894 1027 nullum
907 964 942 1027 in
955 964 1035 1027 mari
1047 975 1168 1029 motum
1182 964 1377 1047 reciprocum
1393 986 1489 1051 geue,

98 1050 101 1058 ’
204 1086 276 1129 rare
295 1064 385 1143 valet,
399 1076 513 1131 tamen
532 1090 628 1147 mare,
651 1070 737 1153 quod
758 1069 785 1133 si
805 1081 909 1133 motus
929 1082 1011 1135 esset
1030 1069 1190 1155 aequabilis
1211 1071 1245 1131 in
1267 1068 1431 1147 directum,
1454 1072 1488 1137 in

203 1174 309 1259 quiete
329 1176 517 1259 persisteret,
541 1173 734 1262 aliquantium
754 1176 874 1240 turbari
895 1175 1030 1239 debebit.
1076 1172 1173 1250 Qudd
1193 1176 1219 1237 si
1240 1186 1346 1240 autem
1362 1176 1403 1239 ad
1423 1178 1487 1242 vim

202 1280 263 1367 qui
288 1281 390 1345 Terra
408 1282 443 1345 ia
464 1280 564 1345 orbiti
589 1282 643 1347 sui
666 1284 843 1347 continetur
856 1281 1062 1359 attendamus,
1084 1302 1150 1346 non
1162 1280 1500 1351 ‹lifficulterumtatio'

201 1411 283 1467 nem,
306 1412 401 1475 quam
421 1412 507 1455 mare
526 1390 566 1455 ab
581 1412 618 1455 ea
636 1390 781 1475 patietur,
803 1390 950 1477 colligere
968 1392 1148 1474 poterimus.
1192 1390 1278 1455 Nam
1290 1389 1364 1457 crim
1376 1406 1485 1477 partu

202 1500 314 1565 Terrae
335 1524 355 1565 a
377 1499 450 1565 Sole
471 1500 653 1565 remotiores
674 1500 789 1563 minori
810 1502 852 1577 vi,
873 1502 1036 1585 propiores
1050 1499 1125 1565 verb
1137 1502 1248 1585 majori
1268 1502 1484 1579 sollicitentur,

199 1608 263 1673 illa
277 1610 318 1673 ad
332 1611 433 1695 majus
447 1621 569 1693 ternpus
584 1608 788 1693 periodicum,
803 1608 855 1671 ba
872 1608 948 1673 verb
961 1608 1002 1674 ad
1015 1610 1118 1675 minus
1132 1610 1356 1675 absolvendum
1369 1632 1484 1699 cogen-

200 1728 261 1795 tur,
285 1739 326 1781 ex
348 1738 411 1801 quo
431 1716 571 1799 partibus
593 1714 703 1778 Terrae
724 1714 840 1792 fluidis,
862 1728 898 1781 ut
910 1715 985 1800 patri
998 1716 1176 1794 mobilibus,
1190 1728 1295 1781 motus
1308 1718 1349 1782 ab
1364 1719 1484 1785 oriente

197 1822 306 1891 verutis
327 1825 522 1893 occidentem
542 1822 714 1891 secundum
729 1826 903 1911 eclipticam
924 1826 1099 1905 inducetur,
1121 1827 1263 1913 hancque
1285 1851 1391 1893 veram
1415 1853 1484 1895 esse

199 1954 325 1997 eausam
346 1931 490 1995 existimo
511 1952 549 1997 ac
569 1933 761 2018 proecipuam
774 1955 832 1995 cur
848 1945 913 1995 tam
927 1955 1061 1999 oceanm
1076 1931 1170 2019 quim
1184 1937 1239 1997 aer
1253 1934 1484 2020 subsequutura

196 2043 349 2129 perpetud
370 2045 484 2109 habeat
504 2046 626 2110 fluxum
648 2044 689 2109 ab
708 2057 781 2109 ortu
799 2043 908 2109 vereris
922 2066 1077 2109 occasum.
1123 2044 1253 2109 Possem
1266 2045 1359 2107 etiam
1374 2066 1415 2107 ex
1428 2066 1484 2109 ee-

189 2153 269 2218 'dem
283 2154 438 2239 principio
452 2154 535 2219 clare
549 2153 714 2219 ostendere
728 2167 793 2218 tarn
807 2153 914 2231 mama
936 2154 964 2216 ai
984 2151 1114 2216 omuind
1128 2152 1262 2215 liberum
1276 2163 1366 2229 esset,
1388 2151 1484 2237 quim

199 2264 279 2328 aiiris
308 2264 496 2328 celeritatem
525 2276 642 2327 tantam
671 2264 748 2341 fore,
785 2263 847 2350 que
875 2278 1015 2347 tempere
1043 2263 1303 2350 viginti-quatuor
1317 2260 1484 2328 bornam

199 2370 333 2455 spatium
356 2371 478 2435 circiter
498 2370 608 2458 viginti
629 2371 784 2457 graduum
806 2371 1003 2447 absolvatur3
1024 2370 1081 2434 scd
1096 2369 1169 2434 edm
1183 2370 1254 2432 haec
1267 2370 1427 2455 inquisitio
1441 2370 1484 2435 ad

195 2488 381 2563 presentem
404 2480 609 2563 quaestionem
633 2478 760 2563 proprie
782 2500 848 2542 non
872 2478 1036 2562 per‘tineat,
1057 2482 1151 2563 atque
1174 2476 1291 2561 inclyta
1312 2476 1484 2543 Academia
1590 2498 1594 2505 ’

194 2587 325 2653 sortasse
346 2589 406 2653 alii
429 2590 590 2654 occasione
605 2590 791 2674 quaestioncs
806 2587 871 2653 bric
885 2600 1060 2673 spectantes
1073 2588 1114 2651 sit
1126 2586 1335 2671 prepositura,
1356 2584 1483 2649 abaia-

195 2717 262 2759 rem
283 2696 523 2780 explicationem
544 2696 636 2781 hujus
657 2696 787 2783 insignis
808 2695 1008 2780 phaenomeni
1029 2693 1069 2757 ed
1082 2714 1182 2779 usque
1197 2690 1402 2755 differendam
1415 2714 1484 2760 we

195 2822 374 2878 cancamum
396 2802 458 2868 boc
472 2803 599 2891 quidem
613 2815 753 2887 ternpore
766 2800 889 2867 tentrim
902 2801 1057 2865 indicasse
1071 2799 1218 2876 conteuti,
1234 2809 1355 2861 motum
1370 2798 1483 2862 Terras

193 2908 386 2991 periodicum
401 2912 590 2995 conjunctim
606 2932 677 2975 cum
691 2922 779 2975 motu
794 2910 908 2975 diurno
921 2910 1001 2974 mari
1015 2920 1136 2974 motum
1149 2908 1285 2993 aliquem
1298 2907 1485 2992 imprimere

194 3036 296 3099 posse,
312 3017 367 3080 sed
381 3016 696 3103 neutiquam‘motum
711 3019 915 3102 reciprocum,
938 3019 984 3081 uti
1000 3016 1142 3081 Galileus
1156 3028 1204 3081 est
1218 3016 1394 3081 arbitrante.
1464 3037 1467 3045 ·

237 3132 260 3207 §.
277 3134 308 3191 5.
333 3126 391 3191 Uti
415 3128 448 3189 in
470 3128 614 3191 omnibus
629 3126 757 3190 omnino
771 3127 995 3213 quaestionibus
1015 3124 1154 3211 physicis
1167 3123 1267 3189 multd
1282 3122 1403 3188 facilius
1420 3135 1484 3202 est,

193 3252 264 3316 quae
285 3254 349 3295 non
373 3233 413 3297 sit
434 3232 527 3297 codsa
547 3234 747 3318 phaenomeni
768 3234 942 3318 cujuspiam
963 3232 1070 3309 oblati,
1094 3229 1187 3317 quim
1207 3252 1279 3317 quoe
1300 3230 1349 3307 sit,
1373 3241 1478 3293 estan-

91 3393 93 3397 .
193 3336 287 3413 dere;
309 3337 353 3401 ita
366 3339 459 3401 etiam
474 3358 613 3423 praesens
628 3340 758 3425 questio
772 3340 813 3403 de
825 3340 915 3401 fluxu
928 3360 966 3401 ac
980 3338 1104 3401 refluxu
1117 3338 1212 3401 maris
1226 3348 1273 3401 eat
1286 3348 1477 3419 comparata,

192 3456 313 3507 utnon
335 3444 499 3509 difficulter
520 3466 626 3511 causas
642 3445 721 3511 salsa
742 3446 914 3533 assignatas
933 3445 1090 3529 possimus
1109 3442 1260 3507 refellere.
1305 3442 1355 3507 Ac
1375 3440 1478 3526 primd

193 3554 316 3640 quidem
331 3569 403 3639 post
418 3578 554 3621 eversam
572 3558 686 3623 Galilei
701 3558 895 3634 sententiam,
907 3554 1074 3641 explicatio
1084 3554 1178 3619 oestds
1188 3554 1282 3618 maris
1294 3554 1478 3618 Cartesiana

190 3666 343 3749 pressioni
366 3668 469 3731 Lunae
493 3668 602 3731 innixa
625 3680 674 3732 tot
699 3668 855 3755 tantisque
877 3668 1001 3732 laborat
1024 3666 1267 3743 difficultatibus,
1291 3678 1327 3729 ut
1349 3660 1479 3728 omnind

192 3772 358 3837 subsistere
378 3786 521 3861 nequeat.
567 3775 780 3863 Praeterquam
801 3778 886 3842 enim
908 3776 994 3862 qudd
1015 3774 1190 3839 istiusmodi
1210 3774 1333 3857 pressio
1352 3772 1479 3837 aliunde

190 3882 317 3963 probari
331 3896 474 3969 nequeat,
495 3894 588 3970 sitque
603 3886 644 3949 ad
658 3884 719 3949 hoc
734 3886 835 3949 solum
856 3885 1087 3970 pbaenomenon
1103 3883 1325 3968 explicandum
1338 3879 1477 3968 gratuito
1584 3946 1587 3950 ,

191 3988 375 4068 assumatur,
399 3993 667 4057 observationibus
688 3996 781 4059 etiam
802 3992 930 4059 minime
952 3994 1108 4058 satisfacit.
1154 3994 1193 4057 In
1213 4003 1322 4078 aperto
1341 3992 1425 4057 enirn
1439 4012 1477 4054 ac

189 4096 289 4163 libero
310 4112 429 4162 oceano
450 4121 563 4184 aquam
577 4122 653 4164 mox
674 4116 746 4185 post
759 4102 924 4165 transitum
946 4101 1047 4164 Luna
1067 4104 1126 4185 per
1139 4098 1476 4163 meridianum'elerari

189 4206 398 4285 observamus,
421 4206 494 4271 crim
516 4208 688 4273 secunddm
704 4210 838 4273 Cartesii
859 4210 1043 4273 sententiam
1059 4209 1170 4273 eodem
1184 4220 1326 4291 tempore
1340 4206 1475 4290 deprimi

188 4310 336 4389 deberem
359 4336 460 4399 neque
481 4313 634 4399 praeoered
654 4314 715 4379 hoc
737 4314 832 4380 modo
846 4315 919 4378 satis
934 4313 1079 4378 distincte
1093 4314 1277 4397 explicatur,
1301 4335 1357 4376 cur
1379 4312 1473 4375 Luna

188 4423 246 4486 sub
262 4424 361 4488 Terrd
383 4424 482 4487 latens
497 4426 631 4489 eundem
647 4424 710 4489 fere
725 4424 870 4487 effectum
883 4435 999 4499 exerat,
1023 4445 1060 4486 ac
1074 4424 1099 4485 si
1119 4443 1213 4507 super
1227 4420 1389 4486 horizonte
1402 4440 1475 4485 rer·

189 4548 283 4599 setar.
328 4532 454 4598 Deinde
475 4532 536 4597 boe
557 4530 641 4595 idem
662 4532 822 4618 negotium
842 4552 907 4593 non
927 4530 1058 4594 feliciori
1079 4550 1223 4593 successu
1245 4550 1410 4615 aggressus
1425 4538 1475 4595 est

189 4642 364 4715 Wallisius,
380 4664 506 4707 causam
520 4642 553 4705 in
564 4640 721 4705 communi
735 4650 843 4703 centro
857 4639 1018 4734 gravitatis
1031 4638 1144 4703 Terrae
1158 4649 1189 4703 et
1204 4636 1306 4702 Lunae
1317 4652 1471 4723 quaerens,
