3284 5517
185 386 264 453 cir.
280 386 325 465 Ι.]
554 384 620 451 AD
642 383 864 453 TERTIUM
888 384 1086 466 LIBRUM
1422 383 1458 445 xi

182 559 369 637 Cmcerfl,
393 556 525 635 Inoa,
541 556 701 663 tragon
757 554 1457 633 samausauavtdelieettibmo,

182 668 332 752 Scorpius
365 678 410 745 tn,
451 666 634 754 Sagittarius
676 666 714 743 t,
746 666 957 751 Capricornus
994 675 1026 732 tt
1062 666 1114 731 vel
1146 670 1193 744 ts,
1225 662 1458 751 Aquarius&

182 777 288 843 Pisces
313 788 365 841 κ.
398 776 500 855 Aries,
524 776 649 841 Taurus
671 798 708 839 ac
723 776 861 855 Gemini,
883 776 1051 862 quainter
1069 773 1222 862 ι[ιιιιιιιιιιιιι
1241 773 1459 861 aeqainocdde

76 958 77 961 Ἴ
181 905 312 949 sernum
320 895 353 947 et
364 894 516 967 punctum
532 882 689 947 solstitiale
703 883 846 949 aestivum
860 880 1058 947 continentur
1072 879 1268 959 dicuntur,
1243 902 1334 967 signa
1346 902 1457 945 verna·

180 991 242 1067 lia;
266 989 397 1065 Cancer,
419 988 497 1065 Leo,
523 986 622 1075 Virgo
641 1010 661 1053 a
679 988 833 1053 solstitiali
856 988 968 1053 estivo
988 989 1030 1053 ad
1047 987 1262 1075 aequinocmle
1283 987 1461 1051 autumnale

136 1068 143 1093 ι
172 1088 344 1165 numerata
362 1095 537 1181 apellantur
555 1096 681 1172 oestiva;
709 1095 817 1173 Libra,
841 1096 990 1181 Scorpius
1003 1108 1037 1159 et
1051 1095 1237 1183 Sagittarius
1250 1089 1460 1171 autumnalia3

182 1208 401 1291 Capricornus,
426 1202 584 1288 Aquarius
605 1216 637 1267 et
658 1202 774 1281 Pisces,
790 1201 940 1289 hyberna
958 1220 961 1226 “
984 1204 1084 1291 Signa
1096 1204 1295 1269 ascendentia
1308 1227 1328 1267 a
1340 1196 1459 1287 puncto

181 1312 334 1380 sohddali
354 1311 497 1398 hyberno
518 1310 559 1375 ad
580 1311 730 1389 estivam,
756 1310 976 1376 descendentia
993 1310 1069 1377 verd
1083 1332 1103 1377 a
1115 1309 1269 1375 solstitiali
1289 1309 1399 1375 aestivo
1417 1308 1460 1374 ad

180 1422 355 1507 hybernum
371 1429 599 1503 computantur.

223 1538 255 1595 5.
278 1530 419 1595 neam
440 1540 488 1593 est
500 1528 633 1613 spherae
649 1528 781 1593 coelestis
802 1530 907 1614 portio
920 1551 976 1594 seu
990 1550 1070 1593 nona
1083 1529 1206 1593 duobus
1221 1528 1345 1593 circula
1364 1528 1460 1613 eclip-

179 1639 251 1703 tica
264 1636 421 1722 parallelis
441 1647 473 1701 et
493 1634 642 1725 gradibus
658 1646 677 1701 8
693 1636 742 1701 vel
758 1646 777 1702 9
795 1636 871 1703 hinc
889 1634 964 1703 inde
982 1636 1024 1701 ab
1040 1635 1184 1725 eclipticri
1198 1635 1383 1701 dumanas
1396 1646 1461 1699 ter·

180 1746 307 1822 minata,
329 1745 387 1808 sub
401 1742 462 1829 qui
477 1742 611 1827 planetae
625 1764 733 1809 omnes
747 1756 852 1809 motus
867 1766 939 1809 suos
954 1743 1128 1809 absolumt
1173 1744 1263 1809 Dum
1276 1744 1407 1828 planeta
1418 1744 1459 1807 ab

182 1876 296 1919 occasu
308 1852 343 1917 in
357 1864 460 1917 ortum
474 1874 530 1915 sau
545 1851 716 1917 secrmdum
730 1851 875 1915 ordinem
894 1853 1065 1938 signorum,
1089 1863 1143 1916 aut
1157 1851 1243 1938 quod
1256 1850 1341 1917 idem
1355 1864 1457 1929 sonat,

180 1962 214 2026 in
229 1960 319 2047 signa
332 1958 553 2044 consequentia
564 1956 712 2023 nimirum
720 1957 760 2021 ab
772 1956 930 2023 Arietead
938 1958 1090 2037 Taurum,
1101 1959 1459 2037 aTauroadGeminos,

78 2051 80 2055 Ι
182 2070 252 2145 dcc,
275 2078 362 2131 motu
383 2064 512 2151 proprio
533 2064 641 2143 fertur,
667 2064 720 2129 ille
739 2065 866 2149 planeta
889 2078 965 2131 tunc
985 2067 1134 2151 temporis
1155 2066 1291 2131 directru
1313 2080 1460 2143 vocamr3

182 2175 256 2243 erim
276 2174 374 2259 ipsius
394 2185 497 2239 motin
518 2174 664 2259 proprius
685 2195 807 2241 cessare
828 2172 964 2252 videtur,
985 2196 1042 2239 seu
1061 2174 1139 2238 dum
1157 2174 1282 2258 planeta
1301 2174 1335 2237 in
1350 2174 1461 2239 eodem

182 2282 253 2349 ooeli
267 2292 385 2366 puncto
398 2280 516 2345 morari
536 2302 593 2365 per
608 2280 726 2366 aliquot
739 2278 806 2345 dies
822 2280 971 2357 caminis,
993 2280 1140 2345 eumdem
1154 2281 1247 2344 situm
1261 2280 1397 2345 fixarum
1411 2303 1462 2345 re-

182 2402 290 2477 spectu
313 2410 448 2465 servans,
472 2388 667 2453 stationarius
689 2387 820 2463 dicitur3
844 2386 1045 2475 retrogradus
1065 2386 1193 2451 tandem
1214 2387 1389 2472 appellatur
1406 2389 1462 2452 ubi

182 2496 292 2565 contri
305 2498 465 2585 signorum
479 2495 622 2561 ordinem
635 2518 691 2559 seu
704 2495 738 2559 in
752 2495 976 2573 antecedentia,
991 2507 1028 2559 ut
1040 2516 1061 2558 a
1076 2494 1185 2559 Tauro
1198 2493 1240 2559 ad
1255 2495 1405 2648 Arietem,
1421 2496 1461 2559 ab

184 2608 293 2673 Ariete
307 2606 348 2669 ad
365 2605 482 2683 Pisces,
498 2607 555 2671 &c
571 2605 700 2689 proprio
714 2616 802 2669 motu
816 2603 941 2669 incedit.

225 2722 255 2778 6.
279 2710 373 2776 Luna
387 2723 419 2775 et
434 2708 491 2775 Sol
505 2720 579 2775 sunt
592 2730 716 2794 semper
729 2709 860 2786 direct13
881 2721 915 2774 at
928 2709 1033 2773 caeteri
1046 2708 1180 2793 planeta
1194 2720 1262 2773 tum
1275 2708 1462 2795 mperiores,
1604 2751 1605 2756 κ

182 2820 336 2898 videlicet,
360 2822 522 2899 Saturnus,
545 2820 669 2904 Jupiter
684 2830 716 2885 at
730 2818 831 2896 Mars,
853 2831 921 2883 tum
935 2818 1108 2896 inferiores,
1130 2819 1288 2899 nimirum,
1309 2819 1417 2884 Venus
1432 2831 1464 2885 et

185 2926 373 3003 Mercurius,
411 2924 521 2991 directi
549 2922 664 2989 deiude
697 2923 870 2989 stationarii
904 2934 939 2989 et
966 2920 1076 3007 posted
1104 2923 1279 3011 retrogradi
1307 2924 1462 2989 videntur.

184 3034 305 3099 Eorum
326 3044 468 3117 tempora
487 3032 648 3117 periodica
670 3029 783 3117 quibus
798 3040 899 3095 totum
913 3029 1078 3093 zodiamnn
1091 3029 1361 3116 inconsequentia
1373 3054 1465 3115 pera·

182 3156 284 3231 grant,
307 3154 380 3207 srmt
399 3126 574 3229 inrequalia.
619 3140 703 3205 Nam
726 3141 880 3205 Saturnus
895 3148 938 3203 ³0
952 3138 1075 3201 circiter
1089 3137 1177 3201 annis
1191 3138 1357 3222 periodum
1376 3162 1464 3204 suam

183 3251 330 3327 absolvit3
352 3252 475 3336 Jupiter
490 3250 578 3315 annis
593 3249 716 3313 circiter
733 3256 784 3325 12,
807 3248 899 3313 Mars
912 3248 1002 3311 annis
1017 3246 1142 3313 duobus
1155 3244 1230 3324 fere,
1247 3247 1341 3311 Luna
1354 3247 1464 3314 diebus
1565 3317 1569 3327 ,

184 3363 223 3423 27
245 3368 278 3421 et
297 3355 383 3421 horis
406 3364 424 3425 7
447 3356 578 3433 circiter,
601 3354 709 3419 Venus
731 3364 835 3417 autem
856 3364 889 3417 et
910 3352 1089 3417 Mercurius
1103 3372 1177 3415 cum
1193 3352 1268 3417 Sole
1281 3374 1366 3417 anno
1387 3375 1462 3419 uno.

185 3461 267 3525 Nam
280 3461 314 3525 hi
329 3462 395 3527 duo
407 3462 541 3547 planetae
558 3462 664 3527 Solem
678 3460 722 3527 iot
736 3472 916 3527 constanter
929 3461 1117 3525 comitantur
1130 3473 1166 3525 ut
1180 3459 1289 3524 Venus
1301 3482 1464 3547 nunquam

183 3570 265 3636 ultra
280 3576 321 3639 tr
334 3571 457 3636 circiter
471 3570 598 3659 graduis,
608 3592 667 3635 nec
682 3569 862 3635 Mercurius
875 3565 958 3633 uitri
972 3576 1013 3633 28
1025 3590 1045 3631 a
1057 3566 1130 3631 Sole
1139 3567 1342 3654 digrediatur,
1357 3567 1392 3661 id
1405 3579 1463 3647 est,

184 3676 316 3764 angulus
331 3678 486 3743 maximus
501 3680 560 3743 sub
575 3700 638 3764 quo
652 3678 799 3741 distantia
814 3677 946 3741 Veneris
964 3688 1019 3739 aut
1039 3676 1192 3741 Mercurii
1204 3698 1225 3740 a
1240 3676 1346 3741 Solea
1361 3675 1465 3741 Terri

185 3782 382 3873 conspicitur,
397 3783 514 3870 gradus
529 3789 571 3853 47
586 3782 636 3847 vel
651 3791 693 3849 28
706 3804 868 3869 nunquam
882 3794 1017 3866 superat.

227 3894 256 3955 7.
289 3891 405 3953 Cirnrls'
428 3890 647 3967 declinationis,
670 3912 726 3953 seu
746 3890 851 3953 cirnrli
870 3890 1000 3967 horarii,
1024 3903 1097 3956 sunt
1122 3891 1231 3957 circuli
1253 3891 1383 3955 maximi
1406 3912 1464 3975 per

185 3993 293 4057 mundi
312 3994 403 4078 polos
425 4006 619 4059 transeuntes
641 4006 673 4059 et
692 3994 825 4079 proinde
847 3986 998 4081 aequatori
1017 3998 1300 4082 perpendiculares.
1346 3996 1464 4064 Sideris

184 4100 232 4163 vel
252 4101 362 4185 puncti
383 4100 577 4187 cujuslibet
567 4124 601 4165 ιιι
622 4100 746 4187 sphaera
765 4099 924 4167 mundani
939 4104 1099 4167 &elisatio
1113 4117 1161 4169 est
1175 4126 1266 4169 arcus
1280 4104 1389 4169 circuli
1409 4103 1465 4168 de·

184 4204 393 4269 clinationis
383 4220 464 4271 mter
490 4207 577 4273 sidus
603 4208 652 4271 vel
677 4208 785 4273 datum
810 4220 963 4293 punctum
992 4224 1024 4274 et
1048 4224 1240 4306 aequatorem
1263 4212 1463 4295 interceptus.

184 4302 325 4377 Ascensio
348 4324 431 4377 recta
456 4313 565 4379 sideris
590 4326 638 4377 est
660 4336 751 4379 arcus
772 4316 939 4401 aequatoris
960 4316 1042 4379 inter
1066 4330 1217 4400 punctum
1246 4317 1462 4403 requinoctiale

179 4439 308 4487 vernum
330 4409 362 4484 et
383 4419 534 4485 circulum
557 4420 788 4485 declinationis
797 4420 906 4486 sideris
921 4422 1004 4487 illius
1027 4423 1270 4508 comprehensus
1292 4448 1330 4490 ac
1350 4450 1461 4493 semn-

180 4524 254 4595 dum
268 4527 450 4595 ordinem
426 4552 586 4618 signorum
600 4542 790 4597 numeratus.
837 4533 954 4599 Cirndi
966 4536 1140 4599 ntisediuis
1160 4533 1297 4599 siderum
1313 4550 1387 4602 sunt
1401 4538 1460 4602 cir-
