<?xml version="1.0" encoding="UTF-8"?>
<!DOCTYPE html PUBLIC "-//W3C//DTD XHTML 1.0 Transitional//EN"
    "http://www.w3.org/TR/xhtml1/DTD/xhtml1-transitional.dtd">
<html xmlns="http://www.w3.org/1999/xhtml" xml:lang="en" lang="en">
 <head>
  <title>
</title>
<meta http-equiv="Content-Type" content="text/html;charset=utf-8" />
  <meta name='ocr-system' content='tesseract 3.04.00' />
  <meta name='ocr-capabilities' content='ocr_page ocr_carea ocr_par ocr_line ocrx_word'/>
</head>
<body>
  <div class='ocr_page' id='page_1' title='image "./philosophinatur01wriggoog_0137.png"; bbox 0 0 3284 5517; ppageno 0'>
   <div class='ocr_carea' id='block_1_1' title="bbox 169 346 1454 442">
    <p class='ocr_par' dir='ltr' id='par_1_1' title="bbox 169 346 1454 442">
     <span class='ocr_line' id='line_1_1' title="bbox 169 346 1454 442; baseline -0.009 -5"><span class='ocrx_word' id='word_1_1' title='bbox 169 376 212 437; x_wconf 65' lang='grc' dir='ltr'><strong>ιι</strong></span> <span class='ocrx_word' id='word_1_2' title='bbox 468 366 808 441; x_wconf 79' lang='lat' dir='ltr'><strong>annosortnrn</strong></span> <span class='ocrx_word' id='word_1_3' title='bbox 832 346 1106 433; x_wconf 72' lang='lat' dir='ltr'><strong>annuntiis</strong></span> <span class='ocrx_word' id='word_1_4' title='bbox 1136 360 1346 442; x_wconf 69' lang='lat' dir='ltr'><strong>[ornum.</strong></span> <span class='ocrx_word' id='word_1_5' title='bbox 1359 362 1454 427; x_wconf 64' lang='lat' dir='ltr'><strong>serr.</strong></span> 
     </span>
    </p>
   </div>
   <div class='ocr_carea' id='block_1_2' title="bbox 375 582 1331 699">
    <p class='ocr_par' dir='ltr' id='par_1_2' title="bbox 375 582 1331 699">
     <span class='ocr_line' id='line_1_2' title="bbox 375 582 1331 699; baseline -0.004 -4"><span class='ocrx_word' id='word_1_6' title='bbox 375 629 660 699; x_wconf 79' lang='lat' dir='ltr'><strong>Pnoaosmo</strong></span> <span class='ocrx_word' id='word_1_7' title='bbox 681 629 814 697; x_wconf 74' lang='lat' dir='ltr'><strong>xtuv.</strong></span> <span class='ocrx_word' id='word_1_8' title='bbox 859 627 1132 694; x_wconf 78' lang='lat' dir='ltr'><strong>Tnuonnna</strong></span> <span class='ocrx_word' id='word_1_9' title='bbox 1153 582 1260 693; x_wconf 58' lang='lat' dir='ltr'><strong>xrxss</strong></span> <span class='ocrx_word' id='word_1_10' title='bbox 1328 588 1331 591; x_wconf 66' lang='grc'><strong><em>’</em></strong></span> 
     </span>
    </p>
   </div>
   <div class='ocr_carea' id='block_1_3' title="bbox 302 812 1326 903">
    <p class='ocr_par' dir='ltr' id='par_1_3' title="bbox 302 812 1326 903">
     <span class='ocr_line' id='line_1_3' title="bbox 302 812 1326 903; baseline -0.003 -22"><span class='ocrx_word' id='word_1_11' title='bbox 302 816 429 881; x_wconf 68' lang='lat' dir='ltr'><strong>niumm</strong></span> <span class='ocrx_word' id='word_1_12' title='bbox 444 824 474 879; x_wconf 85' lang='lat' dir='ltr'><strong>et</strong></span> <span class='ocrx_word' id='word_1_13' title='bbox 487 816 631 903; x_wconf 67' lang='lat' dir='ltr'><strong>rajiuutm</strong></span> <span class='ocrx_word' id='word_1_14' title='bbox 646 818 739 883; x_wconf 84' lang='lat' dir='ltr'><strong>morit</strong></span> <span class='ocrx_word' id='word_1_15' title='bbox 753 816 792 881; x_wconf 85' lang='lat' dir='ltr'><strong>ab</strong></span> <span class='ocrx_word' id='word_1_16' title='bbox 806 812 973 879; x_wconf 74' lang='lat' dir='ltr'><em>actionibus</em></span> <span class='ocrx_word' id='word_1_17' title='bbox 981 814 1060 879; x_wconf 78' lang='lat' dir='ltr'><strong>sotis</strong></span> <span class='ocrx_word' id='word_1_18' title='bbox 1073 836 1111 878; x_wconf 85' lang='lat' dir='ltr'><strong>oc</strong></span> <span class='ocrx_word' id='word_1_19' title='bbox 1123 814 1224 878; x_wconf 65' lang='lat' dir='ltr'><strong>Mna</strong></span> <span class='ocrx_word' id='word_1_20' title='bbox 1238 814 1326 878; x_wconf 75' lang='lat' dir='ltr'><strong>oriri.</strong></span> 
     </span>
    </p>
   </div>
   <div class='ocr_carea' id='block_1_4' title="bbox 173 998 1563 2821">
    <p class='ocr_par' dir='ltr' id='par_1_4' title="bbox 173 998 1563 2821">
     <span class='ocr_line' id='line_1_4' title="bbox 218 998 1458 1089; baseline -0.006 -21"><span class='ocrx_word' id='word_1_21' title='bbox 218 1002 312 1069; x_wconf 89' lang='lat' dir='ltr'><strong>More</strong></span> <span class='ocrx_word' id='word_1_22' title='bbox 332 1000 462 1089; x_wconf 82' lang='lat' dir='ltr'><strong>singulis</strong></span> <span class='ocrx_word' id='word_1_23' title='bbox 483 1002 594 1069; x_wconf 84' lang='lat' dir='ltr'><strong>diebus</strong></span> <span class='ocrx_word' id='word_1_24' title='bbox 617 1014 681 1067; x_wconf 85' lang='lat' dir='ltr'><strong>tarn</strong></span> <span class='ocrx_word' id='word_1_25' title='bbox 701 1002 864 1067; x_wconf 80' lang='lat' dir='ltr'><strong>lunaribus</strong></span> <span class='ocrx_word' id='word_1_26' title='bbox 886 998 980 1087; x_wconf 78' lang='lat' dir='ltr'><strong>quim</strong></span> <span class='ocrx_word' id='word_1_27' title='bbox 1002 1000 1154 1065; x_wconf 67' lang='lat' dir='ltr'><strong>solantur</strong></span> <span class='ocrx_word' id='word_1_28' title='bbox 1178 1000 1227 1063; x_wconf 86' lang='lat' dir='ltr'><strong>bis</strong></span> <span class='ocrx_word' id='word_1_29' title='bbox 1251 1000 1458 1061; x_wconf 83' lang='lat' dir='ltr'><strong>intumescere</strong></span> 
     </span>
     <span class='ocr_line' id='line_1_5' title="bbox 173 1097 1563 1197; baseline -0.001 -20"><span class='ocrx_word' id='word_1_30' title='bbox 173 1108 288 1177; x_wconf 85' lang='lat' dir='ltr'><strong>debere</strong></span> <span class='ocrx_word' id='word_1_31' title='bbox 303 1097 340 1175; x_wconf 75' lang='lat' dir='ltr'><strong>ac</strong></span> <span class='ocrx_word' id='word_1_32' title='bbox 357 1112 406 1175; x_wconf 88' lang='lat' dir='ltr'><strong>bis</strong></span> <span class='ocrx_word' id='word_1_33' title='bbox 419 1110 567 1190; x_wconf 84' lang='lat' dir='ltr'><strong>defluere,</strong></span> <span class='ocrx_word' id='word_1_34' title='bbox 587 1124 674 1197; x_wconf 84' lang='lat' dir='ltr'><strong>patet</strong></span> <span class='ocrx_word' id='word_1_35' title='bbox 694 1110 737 1197; x_wconf 68' lang='lat' dir='ltr'><strong>(f)</strong></span> <span class='ocrx_word' id='word_1_36' title='bbox 752 1132 810 1197; x_wconf 82' lang='lat' dir='ltr'><strong>per</strong></span> <span class='ocrx_word' id='word_1_37' title='bbox 826 1111 933 1175; x_wconf 88' lang='lat' dir='ltr'><strong>Corol.</strong></span> <span class='ocrx_word' id='word_1_38' title='bbox 951 1118 1001 1175; x_wconf 90' lang='lat'><strong>19.</strong></span> <span class='ocrx_word' id='word_1_39' title='bbox 1018 1122 1050 1174; x_wconf 92' lang='lat' dir='ltr'><strong>et</strong></span> <span class='ocrx_word' id='word_1_40' title='bbox 1063 1118 1115 1176; x_wconf 74' lang='lat'><strong>20.</strong></span> <span class='ocrx_word' id='word_1_41' title='bbox 1131 1110 1227 1195; x_wconf 87' lang='lat' dir='ltr'><strong>Prop.</strong></span> <span class='ocrx_word' id='word_1_42' title='bbox 1243 1108 1369 1173; x_wconf 91' lang='lat' dir='ltr'><strong>LXVI.</strong></span> <span class='ocrx_word' id='word_1_43' title='bbox 1386 1105 1458 1170; x_wconf 86' lang='lat' dir='ltr'><strong>Lib.</strong></span> <span class='ocrx_word' id='word_1_44' title='bbox 1554 1152 1563 1175; x_wconf 61' lang='lat' dir='ltr'><strong>r</strong></span> 
     </span>
     <span class='ocr_line' id='line_1_6' title="bbox 174 1216 1458 1307; baseline -0.006 -21"><span class='ocrx_word' id='word_1_45' title='bbox 174 1220 202 1286; x_wconf 91' lang='grc' dir='ltr'><strong>Ι.</strong></span> <span class='ocrx_word' id='word_1_46' title='bbox 217 1234 253 1285; x_wconf 90' lang='lat' dir='ltr'><strong>ut</strong></span> <span class='ocrx_word' id='word_1_47' title='bbox 274 1233 306 1285; x_wconf 86' lang='lat' dir='ltr'><strong>ct</strong></span> <span class='ocrx_word' id='word_1_48' title='bbox 328 1220 366 1306; x_wconf 79' lang='lat'><strong>(⁸)</strong></span> <span class='ocrx_word' id='word_1_49' title='bbox 388 1242 479 1307; x_wconf 84' lang='lat' dir='ltr'><strong>aquae</strong></span> <span class='ocrx_word' id='word_1_50' title='bbox 499 1222 669 1284; x_wconf 80' lang='lat' dir='ltr'><strong>maximam</strong></span> <span class='ocrx_word' id='word_1_51' title='bbox 684 1220 888 1298; x_wconf 77' lang='lat' dir='ltr'><strong>altitudinem,</strong></span> <span class='ocrx_word' id='word_1_52' title='bbox 912 1220 945 1282; x_wconf 92' lang='lat' dir='ltr'><strong>in</strong></span> <span class='ocrx_word' id='word_1_53' title='bbox 966 1219 1103 1283; x_wconf 87' lang='lat' dir='ltr'><strong>maribus</strong></span> <span class='ocrx_word' id='word_1_54' title='bbox 1118 1218 1282 1303; x_wconf 87' lang='lat' dir='ltr'><strong>proiimdis</strong></span> <span class='ocrx_word' id='word_1_55' title='bbox 1296 1228 1329 1281; x_wconf 91' lang='lat' dir='ltr'><strong>et</strong></span> <span class='ocrx_word' id='word_1_56' title='bbox 1342 1216 1458 1293; x_wconf 85' lang='lat' dir='ltr'><strong>liberis,</strong></span> 
     </span>
     <span class='ocr_line' id='line_1_7' title="bbox 174 1326 1461 1417; baseline -0.007 -21"><span class='ocrx_word' id='word_1_57' title='bbox 174 1332 339 1417; x_wconf 85' lang='lat' dir='ltr'><strong>appulsum</strong></span> <span class='ocrx_word' id='word_1_58' title='bbox 364 1330 564 1393; x_wconf 87' lang='lat' dir='ltr'><strong>luminarium</strong></span> <span class='ocrx_word' id='word_1_59' title='bbox 588 1330 628 1393; x_wconf 87' lang='lat' dir='ltr'><strong>ad</strong></span> <span class='ocrx_word' id='word_1_60' title='bbox 654 1330 862 1395; x_wconf 83' lang='lat' dir='ltr'><strong>meridianum</strong></span> <span class='ocrx_word' id='word_1_61' title='bbox 887 1329 949 1392; x_wconf 91' lang='lat' dir='ltr'><strong>loci</strong></span> <span class='ocrx_word' id='word_1_62' title='bbox 972 1328 1086 1391; x_wconf 89' lang='lat' dir='ltr'><strong>minori</strong></span> <span class='ocrx_word' id='word_1_63' title='bbox 1110 1326 1203 1415; x_wconf 79' lang='lat' dir='ltr'><strong>quim</strong></span> <span class='ocrx_word' id='word_1_64' title='bbox 1230 1348 1286 1391; x_wconf 86' lang='lat' dir='ltr'><strong>sex</strong></span> <span class='ocrx_word' id='word_1_65' title='bbox 1310 1326 1461 1389; x_wconf 85' lang='lat' dir='ltr'><strong>horarum</strong></span> 
     </span>
     <span class='ocr_line' id='line_1_8' title="bbox 174 1433 1462 1527; baseline -0.007 -22"><span class='ocrx_word' id='word_1_66' title='bbox 174 1442 275 1526; x_wconf 90' lang='lat' dir='ltr'><strong>spatio</strong></span> <span class='ocrx_word' id='word_1_67' title='bbox 297 1441 394 1527; x_wconf 89' lang='lat' dir='ltr'><strong>sequi,</strong></span> <span class='ocrx_word' id='word_1_68' title='bbox 419 1440 466 1503; x_wconf 91' lang='lat' dir='ltr'><strong>uti</strong></span> <span class='ocrx_word' id='word_1_69' title='bbox 487 1438 524 1503; x_wconf 89' lang='lat' dir='ltr'><strong>fit</strong></span> <span class='ocrx_word' id='word_1_70' title='bbox 545 1440 578 1503; x_wconf 91' lang='lat' dir='ltr'><strong>in</strong></span> <span class='ocrx_word' id='word_1_71' title='bbox 599 1440 693 1503; x_wconf 88' lang='lat' dir='ltr'><strong>maris</strong></span> <span class='ocrx_word' id='word_1_72' title='bbox 716 1438 866 1503; x_wconf 86' lang='lat' dir='ltr'><strong>Atlantici</strong></span> <span class='ocrx_word' id='word_1_73' title='bbox 881 1450 912 1501; x_wconf 90' lang='lat' dir='ltr'><strong>et</strong></span> <span class='ocrx_word' id='word_1_74' title='bbox 926 1434 1099 1521; x_wconf 85' lang='lat' dir='ltr'><strong>AEthiopici</strong></span> <span class='ocrx_word' id='word_1_75' title='bbox 1119 1447 1219 1499; x_wconf 85' lang='lat' dir='ltr'><strong>tractu</strong></span> <span class='ocrx_word' id='word_1_76' title='bbox 1235 1448 1302 1499; x_wconf 90' lang='lat' dir='ltr'><strong>toto</strong></span> <span class='ocrx_word' id='word_1_77' title='bbox 1317 1433 1462 1497; x_wconf 78' lang='lat' dir='ltr'><strong>orientali</strong></span> 
     </span>
     <span class='ocr_line' id='line_1_9' title="bbox 173 1542 1461 1629; baseline -0.005 -18"><span class='ocrx_word' id='word_1_78' title='bbox 173 1550 255 1612; x_wconf 88' lang='lat' dir='ltr'><strong>inter</strong></span> <span class='ocrx_word' id='word_1_79' title='bbox 271 1548 409 1613; x_wconf 84' lang='lat' dir='ltr'><strong>Galliam</strong></span> <span class='ocrx_word' id='word_1_80' title='bbox 424 1558 455 1611; x_wconf 90' lang='lat' dir='ltr'><strong>et</strong></span> <span class='ocrx_word' id='word_1_81' title='bbox 470 1546 725 1610; x_wconf 90' lang='lat' dir='ltr'><strong>Promontorium</strong></span> <span class='ocrx_word' id='word_1_82' title='bbox 742 1546 842 1610; x_wconf 84' lang='lat' dir='ltr'><strong>Bonae</strong></span> <span class='ocrx_word' id='word_1_83' title='bbox 858 1544 932 1629; x_wconf 86' lang='lat' dir='ltr'><strong>Spei</strong></span> <span class='ocrx_word' id='word_1_84' title='bbox 952 1557 987 1608; x_wconf 92' lang='lat' dir='ltr'><strong>ut</strong></span> <span class='ocrx_word' id='word_1_85' title='bbox 1001 1555 1033 1607; x_wconf 90' lang='lat' dir='ltr'><strong>et</strong></span> <span class='ocrx_word' id='word_1_86' title='bbox 1047 1544 1080 1606; x_wconf 92' lang='lat' dir='ltr'><strong>in</strong></span> <span class='ocrx_word' id='word_1_87' title='bbox 1093 1544 1190 1608; x_wconf 84' lang='lat' dir='ltr'><strong>maris</strong></span> <span class='ocrx_word' id='word_1_88' title='bbox 1209 1542 1337 1608; x_wconf 84' lang='lat' dir='ltr'><strong>Pacifici</strong></span> <span class='ocrx_word' id='word_1_89' title='bbox 1354 1542 1461 1606; x_wconf 83' lang='lat' dir='ltr'><strong>littore</strong></span> 
     </span>
     <span class='ocr_line' id='line_1_10' title="bbox 179 1650 1463 1744; baseline -0.009 -19"><span class='ocrx_word' id='word_1_90' title='bbox 179 1658 321 1725; x_wconf 87' lang='lat' dir='ltr'><strong>Chilensi</strong></span> <span class='ocrx_word' id='word_1_91' title='bbox 336 1668 368 1721; x_wconf 89' lang='lat' dir='ltr'><strong>et</strong></span> <span class='ocrx_word' id='word_1_92' title='bbox 383 1657 579 1722; x_wconf 86' lang='lat' dir='ltr'><strong>Peruviano:</strong></span> <span class='ocrx_word' id='word_1_93' title='bbox 603 1657 636 1719; x_wconf 88' lang='lat' dir='ltr'><strong>in</strong></span> <span class='ocrx_word' id='word_1_94' title='bbox 651 1656 763 1744; x_wconf 84' lang='lat' dir='ltr'><strong>quibus</strong></span> <span class='ocrx_word' id='word_1_95' title='bbox 783 1654 929 1719; x_wconf 90' lang='lat' dir='ltr'><strong>omnibus</strong></span> <span class='ocrx_word' id='word_1_96' title='bbox 949 1652 1105 1717; x_wconf 85' lang='lat' dir='ltr'><strong>littoribus</strong></span> <span class='ocrx_word' id='word_1_97' title='bbox 1120 1664 1214 1717; x_wconf 80' lang='lat' dir='ltr'><strong>cestus</strong></span> <span class='ocrx_word' id='word_1_98' title='bbox 1228 1652 1262 1715; x_wconf 91' lang='lat' dir='ltr'><strong>in</strong></span> <span class='ocrx_word' id='word_1_99' title='bbox 1276 1650 1387 1714; x_wconf 89' lang='lat' dir='ltr'><strong>horem</strong></span> <span class='ocrx_word' id='word_1_100' title='bbox 1402 1652 1463 1715; x_wconf 86' lang='lat' dir='ltr'><strong>cir-</strong></span> 
     </span>
     <span class='ocr_line' id='line_1_11' title="bbox 174 1758 1462 1850; baseline -0.008 -19"><span class='ocrx_word' id='word_1_101' title='bbox 174 1766 252 1831; x_wconf 89' lang='lat' dir='ltr'><strong>citer</strong></span> <span class='ocrx_word' id='word_1_102' title='bbox 274 1764 451 1841; x_wconf 87' lang='lat' dir='ltr'><strong>secundem,</strong></span> <span class='ocrx_word' id='word_1_103' title='bbox 474 1764 598 1827; x_wconf 84' lang='lat' dir='ltr'><strong>tertiam</strong></span> <span class='ocrx_word' id='word_1_104' title='bbox 620 1763 666 1826; x_wconf 92' lang='lat' dir='ltr'><strong>vel</strong></span> <span class='ocrx_word' id='word_1_105' title='bbox 689 1774 841 1850; x_wconf 85' lang='lat' dir='ltr'><strong>quartam,</strong></span> <span class='ocrx_word' id='word_1_106' title='bbox 864 1759 983 1837; x_wconf 86' lang='lat' dir='ltr'><strong>incidit,</strong></span> <span class='ocrx_word' id='word_1_107' title='bbox 1006 1759 1065 1822; x_wconf 90' lang='lat' dir='ltr'><strong>nisi</strong></span> <span class='ocrx_word' id='word_1_108' title='bbox 1086 1760 1140 1823; x_wconf 91' lang='lat' dir='ltr'><strong>ubi</strong></span> <span class='ocrx_word' id='word_1_109' title='bbox 1155 1772 1259 1822; x_wconf 90' lang='lat' dir='ltr'><strong>motus</strong></span> <span class='ocrx_word' id='word_1_110' title='bbox 1282 1758 1322 1821; x_wconf 88' lang='lat' dir='ltr'><strong>ab</strong></span> <span class='ocrx_word' id='word_1_111' title='bbox 1344 1780 1462 1822; x_wconf 90' lang='lat' dir='ltr'><strong>oceano</strong></span> 
     </span>
     <span class='ocr_line' id='line_1_12' title="bbox 174 1865 1558 1959; baseline -0.008 -22"><span class='ocrx_word' id='word_1_112' title='bbox 174 1872 333 1959; x_wconf 88' lang='lat' dir='ltr'><strong>profundo</strong></span> <span class='ocrx_word' id='word_1_113' title='bbox 354 1892 411 1957; x_wconf 87' lang='lat' dir='ltr'><strong>per</strong></span> <span class='ocrx_word' id='word_1_114' title='bbox 426 1870 495 1935; x_wconf 84' lang='lat' dir='ltr'><strong>loca</strong></span> <span class='ocrx_word' id='word_1_115' title='bbox 509 1870 626 1935; x_wconf 83' lang='lat' dir='ltr'><strong>vadosa</strong></span> <span class='ocrx_word' id='word_1_116' title='bbox 639 1881 830 1956; x_wconf 82' lang='lat' dir='ltr'><strong>propagatus</strong></span> <span class='ocrx_word' id='word_1_117' title='bbox 845 1889 944 1953; x_wconf 88' lang='lat' dir='ltr'><strong>usque</strong></span> <span class='ocrx_word' id='word_1_118' title='bbox 959 1866 1000 1929; x_wconf 88' lang='lat' dir='ltr'><strong>ad</strong></span> <span class='ocrx_word' id='word_1_119' title='bbox 1014 1865 1135 1945; x_wconf 86' lang='lat' dir='ltr'><strong>horam,</strong></span> <span class='ocrx_word' id='word_1_120' title='bbox 1158 1866 1307 1952; x_wconf 84' lang='lat' dir='ltr'><strong>quintam,</strong></span> <span class='ocrx_word' id='word_1_121' title='bbox 1331 1878 1461 1943; x_wconf 85' lang='lat' dir='ltr'><strong>sextam,</strong></span> <span class='ocrx_word' id='word_1_122' title='bbox 1554 1877 1558 1882; x_wconf 79' lang='grc'>’</span> 
     </span>
     <span class='ocr_line' id='line_1_13' title="bbox 175 1974 1462 2068; baseline -0.006 -21"><span class='ocrx_word' id='word_1_123' title='bbox 175 1982 338 2068; x_wconf 83' lang='lat' dir='ltr'><strong>septimam</strong></span> <span class='ocrx_word' id='word_1_124' title='bbox 363 1994 417 2046; x_wconf 89' lang='lat' dir='ltr'><strong>aut</strong></span> <span class='ocrx_word' id='word_1_125' title='bbox 442 1982 523 2045; x_wconf 84' lang='lat' dir='ltr'><strong>ultra</strong></span> <span class='ocrx_word' id='word_1_126' title='bbox 548 1978 733 2044; x_wconf 76' lang='lat' dir='ltr'><strong>retrudatur.</strong></span> <span class='ocrx_word' id='word_1_127' title='bbox 787 1977 895 2041; x_wconf 87' lang='lat' dir='ltr'><strong>Horas</strong></span> <span class='ocrx_word' id='word_1_128' title='bbox 921 1997 1053 2039; x_wconf 83' lang='lat' dir='ltr'><strong>nurnero</strong></span> <span class='ocrx_word' id='word_1_129' title='bbox 1078 1976 1118 2039; x_wconf 87' lang='lat' dir='ltr'><strong>ab</strong></span> <span class='ocrx_word' id='word_1_130' title='bbox 1145 1976 1279 2059; x_wconf 88' lang='lat' dir='ltr'><strong>appulsu</strong></span> <span class='ocrx_word' id='word_1_131' title='bbox 1300 1974 1462 2039; x_wconf 88' lang='lat' dir='ltr'><strong>luminaris</strong></span> 
     </span>
     <span class='ocr_line' id='line_1_14' title="bbox 175 2072 1465 2175; baseline -0.006 -21"><span class='ocrx_word' id='word_1_132' title='bbox 175 2090 337 2175; x_wconf 86' lang='lat' dir='ltr'><strong>utriusque</strong></span> <span class='ocrx_word' id='word_1_133' title='bbox 352 2088 393 2151; x_wconf 83' lang='lat' dir='ltr'><strong>ad</strong></span> <span class='ocrx_word' id='word_1_134' title='bbox 407 2087 614 2151; x_wconf 89' lang='lat' dir='ltr'><strong>meridianum</strong></span> <span class='ocrx_word' id='word_1_135' title='bbox 633 2084 704 2162; x_wconf 90' lang='lat' dir='ltr'><strong>loci,</strong></span> <span class='ocrx_word' id='word_1_136' title='bbox 729 2093 791 2148; x_wconf 87' lang='lat' dir='ltr'><strong>tam</strong></span> <span class='ocrx_word' id='word_1_137' title='bbox 814 2072 896 2147; x_wconf 78' lang='lat' dir='ltr'><strong>inim</strong></span> <span class='ocrx_word' id='word_1_138' title='bbox 915 2082 1111 2147; x_wconf 82' lang='lat' dir='ltr'><strong>horizontem</strong></span> <span class='ocrx_word' id='word_1_139' title='bbox 1124 2082 1220 2170; x_wconf 81' lang='lat' dir='ltr'><strong>quim</strong></span> <span class='ocrx_word' id='word_1_140' title='bbox 1234 2104 1337 2167; x_wconf 84' lang='lat' dir='ltr'><strong>supra,</strong></span> <span class='ocrx_word' id='word_1_141' title='bbox 1362 2096 1393 2147; x_wconf 87' lang='lat' dir='ltr'><strong>et</strong></span> <span class='ocrx_word' id='word_1_142' title='bbox 1406 2105 1465 2168; x_wconf 91' lang='lat' dir='ltr'><strong>per</strong></span> 
     </span>
     <span class='ocr_line' id='line_1_15' title="bbox 177 2188 1465 2278; baseline -0.005 -18"><span class='ocrx_word' id='word_1_143' title='bbox 177 2196 272 2261; x_wconf 85' lang='lat' dir='ltr'><strong>hores</strong></span> <span class='ocrx_word' id='word_1_144' title='bbox 294 2195 358 2258; x_wconf 88' lang='lat' dir='ltr'><strong>diei</strong></span> <span class='ocrx_word' id='word_1_145' title='bbox 378 2194 496 2257; x_wconf 85' lang='lat' dir='ltr'><strong>lunaris</strong></span> <span class='ocrx_word' id='word_1_146' title='bbox 518 2192 659 2278; x_wconf 81' lang='lat' dir='ltr'><strong>intelligo</strong></span> <span class='ocrx_word' id='word_1_147' title='bbox 680 2190 845 2277; x_wconf 80' lang='lat' dir='ltr'><strong>vigesimus</strong></span> <span class='ocrx_word' id='word_1_148' title='bbox 865 2202 991 2275; x_wconf 77' lang='lat' dir='ltr'><strong>quartas</strong></span> <span class='ocrx_word' id='word_1_149' title='bbox 1007 2202 1118 2273; x_wconf 80' lang='lat' dir='ltr'><strong>partes</strong></span> <span class='ocrx_word' id='word_1_150' title='bbox 1132 2188 1279 2273; x_wconf 82' lang='lat' dir='ltr'><strong>temporie</strong></span> <span class='ocrx_word' id='word_1_151' title='bbox 1294 2212 1356 2274; x_wconf 90' lang='lat' dir='ltr'><strong>quo</strong></span> <span class='ocrx_word' id='word_1_152' title='bbox 1373 2190 1465 2253; x_wconf 89' lang='lat' dir='ltr'><strong>Luna</strong></span> 
     </span>
     <span class='ocr_line' id='line_1_16' title="bbox 175 2296 1466 2387; baseline -0.003 -19"><span class='ocrx_word' id='word_1_153' title='bbox 175 2315 265 2368; x_wconf 91' lang='lat' dir='ltr'><strong>motu</strong></span> <span class='ocrx_word' id='word_1_154' title='bbox 290 2316 460 2387; x_wconf 83' lang='lat' dir='ltr'><strong>apparente</strong></span> <span class='ocrx_word' id='word_1_155' title='bbox 486 2302 599 2365; x_wconf 85' lang='lat' dir='ltr'><strong>diurno</strong></span> <span class='ocrx_word' id='word_1_156' title='bbox 625 2298 665 2364; x_wconf 88' lang='lat' dir='ltr'><strong>nd</strong></span> <span class='ocrx_word' id='word_1_157' title='bbox 688 2298 897 2363; x_wconf 85' lang='lat' dir='ltr'><strong>meridianum</strong></span> <span class='ocrx_word' id='word_1_158' title='bbox 921 2296 985 2362; x_wconf 88' lang='lat' dir='ltr'><strong>loci</strong></span> <span class='ocrx_word' id='word_1_159' title='bbox 1005 2300 1179 2363; x_wconf 89' lang='lat' dir='ltr'><strong>revertitur.</strong></span> <span class='ocrx_word' id='word_1_160' title='bbox 1225 2296 1283 2362; x_wconf 85' lang='lat' dir='ltr'><strong>Vis</strong></span> <span class='ocrx_word' id='word_1_161' title='bbox 1308 2300 1390 2364; x_wconf 89' lang='lat' dir='ltr'><strong>Solis</strong></span> <span class='ocrx_word' id='word_1_162' title='bbox 1414 2299 1466 2364; x_wconf 83' lang='lat' dir='ltr'><strong>vel</strong></span> 
     </span>
     <span class='ocr_line' id='line_1_17' title="bbox 182 2398 1466 2493; baseline -0.005 -15"><span class='ocrx_word' id='word_1_163' title='bbox 182 2414 285 2479; x_wconf 86' lang='lat' dir='ltr'><strong>Lunae</strong></span> <span class='ocrx_word' id='word_1_164' title='bbox 300 2414 339 2477; x_wconf 83' lang='lat' dir='ltr'><strong>ad</strong></span> <span class='ocrx_word' id='word_1_165' title='bbox 354 2434 440 2477; x_wconf 84' lang='lat' dir='ltr'><strong>mare</strong></span> <span class='ocrx_word' id='word_1_166' title='bbox 454 2410 639 2476; x_wconf 76' lang='lat' dir='ltr'><strong>elevandum</strong></span> <span class='ocrx_word' id='word_1_167' title='bbox 653 2412 791 2474; x_wconf 81' lang='lat' dir='ltr'><strong>maxima</strong></span> <span class='ocrx_word' id='word_1_168' title='bbox 805 2420 853 2473; x_wconf 85' lang='lat' dir='ltr'><strong>est</strong></span> <span class='ocrx_word' id='word_1_169' title='bbox 865 2407 897 2473; x_wconf 87' lang='lat' dir='ltr'><strong>in</strong></span> <span class='ocrx_word' id='word_1_170' title='bbox 912 2410 982 2493; x_wconf 86' lang='lat' dir='ltr'><strong>ipso</strong></span> <span class='ocrx_word' id='word_1_171' title='bbox 997 2409 1131 2493; x_wconf 77' lang='lat' dir='ltr'><strong>appulso</strong></span> <span class='ocrx_word' id='word_1_172' title='bbox 1146 2398 1306 2472; x_wconf 80' lang='lat' dir='ltr'><strong>luminaris</strong></span> <span class='ocrx_word' id='word_1_173' title='bbox 1315 2403 1357 2471; x_wconf 74' lang='lat' dir='ltr'><strong>td</strong></span> <span class='ocrx_word' id='word_1_174' title='bbox 1372 2410 1466 2471; x_wconf 87' lang='lat' dir='ltr'><strong>meri·</strong></span> 
     </span>
     <span class='ocr_line' id='line_1_18' title="bbox 178 2503 1467 2601; baseline -0.004 -17"><span class='ocrx_word' id='word_1_175' title='bbox 178 2521 308 2584; x_wconf 90' lang='lat' dir='ltr'><strong>dianum</strong></span> <span class='ocrx_word' id='word_1_176' title='bbox 322 2520 392 2585; x_wconf 89' lang='lat' dir='ltr'><strong>loci.</strong></span> <span class='ocrx_word' id='word_1_177' title='bbox 439 2520 502 2585; x_wconf 87' lang='lat' dir='ltr'><strong>Sed</strong></span> <span class='ocrx_word' id='word_1_178' title='bbox 523 2503 574 2583; x_wconf 31' lang='lat' dir='ltr'><strong>ris*</strong></span> <span class='ocrx_word' id='word_1_179' title='bbox 590 2536 629 2583; x_wconf 81' lang='lat' dir='ltr'><strong>co</strong></span> <span class='ocrx_word' id='word_1_180' title='bbox 643 2530 784 2601; x_wconf 88' lang='lat' dir='ltr'><strong>tempore</strong></span> <span class='ocrx_word' id='word_1_181' title='bbox 798 2517 832 2579; x_wconf 92' lang='lat' dir='ltr'><strong>in</strong></span> <span class='ocrx_word' id='word_1_182' title='bbox 846 2536 932 2579; x_wconf 87' lang='lat' dir='ltr'><strong>mare</strong></span> <span class='ocrx_word' id='word_1_183' title='bbox 947 2516 1098 2599; x_wconf 87' lang='lat' dir='ltr'><strong>impressa</strong></span> <span class='ocrx_word' id='word_1_184' title='bbox 1112 2525 1217 2577; x_wconf 84' lang='lat' dir='ltr'><strong>manet</strong></span> <span class='ocrx_word' id='word_1_185' title='bbox 1231 2514 1420 2599; x_wconf 87' lang='lat' dir='ltr'><strong>aliquamdiu</strong></span> <span class='ocrx_word' id='word_1_186' title='bbox 1435 2528 1467 2579; x_wconf 84' lang='lat' dir='ltr'><strong>et</strong></span> 
     </span>
     <span class='ocr_line' id='line_1_19' title="bbox 180 2622 1465 2713; baseline -0.002 -22"><span class='ocrx_word' id='word_1_187' title='bbox 180 2650 239 2713; x_wconf 88' lang='lat' dir='ltr'><strong>per</strong></span> <span class='ocrx_word' id='word_1_188' title='bbox 259 2627 324 2689; x_wconf 85' lang='lat' dir='ltr'><strong>vim</strong></span> <span class='ocrx_word' id='word_1_189' title='bbox 344 2648 456 2691; x_wconf 84' lang='lat' dir='ltr'><strong>novem</strong></span> <span class='ocrx_word' id='word_1_190' title='bbox 480 2627 612 2693; x_wconf 83' lang='lat' dir='ltr'><strong>subinde</strong></span> <span class='ocrx_word' id='word_1_191' title='bbox 632 2626 815 2712; x_wconf 86' lang='lat' dir='ltr'><strong>impressam</strong></span> <span class='ocrx_word' id='word_1_192' title='bbox 838 2637 979 2712; x_wconf 75' lang='lat' dir='ltr'><strong>eug-etur,</strong></span> <span class='ocrx_word' id='word_1_193' title='bbox 1000 2624 1100 2689; x_wconf 92' lang='lat' dir='ltr'><strong>donec</strong></span> <span class='ocrx_word' id='word_1_194' title='bbox 1114 2646 1201 2689; x_wconf 87' lang='lat' dir='ltr'><strong>mare</strong></span> <span class='ocrx_word' id='word_1_195' title='bbox 1215 2622 1256 2687; x_wconf 87' lang='lat' dir='ltr'><strong>ad</strong></span> <span class='ocrx_word' id='word_1_196' title='bbox 1270 2624 1465 2689; x_wconf 81' lang='lat' dir='ltr'><strong>altitudinem</strong></span> 
     </span>
     <span class='ocr_line' id='line_1_20' title="bbox 179 2726 1467 2821; baseline -0.003 -22"><span class='ocrx_word' id='word_1_197' title='bbox 179 2736 349 2799; x_wconf 85' lang='lat' dir='ltr'><strong>maximam</strong></span> <span class='ocrx_word' id='word_1_198' title='bbox 375 2734 558 2812; x_wconf 88' lang='lat' dir='ltr'><strong>ascenderit,</strong></span> <span class='ocrx_word' id='word_1_199' title='bbox 588 2734 623 2798; x_wconf 91' lang='lat' dir='ltr'><strong>id</strong></span> <span class='ocrx_word' id='word_1_200' title='bbox 651 2734 737 2821; x_wconf 90' lang='lat' dir='ltr'><strong>quod</strong></span> <span class='ocrx_word' id='word_1_201' title='bbox 762 2732 817 2797; x_wconf 86' lang='lat' dir='ltr'><strong>fiet</strong></span> <span class='ocrx_word' id='word_1_202' title='bbox 840 2732 941 2818; x_wconf 87' lang='lat' dir='ltr'><strong>spatio</strong></span> <span class='ocrx_word' id='word_1_203' title='bbox 964 2730 1053 2795; x_wconf 87' lang='lat' dir='ltr'><strong>irorae</strong></span> <span class='ocrx_word' id='word_1_204' title='bbox 1076 2730 1170 2795; x_wconf 92' lang='lat' dir='ltr'><strong>unius</strong></span> <span class='ocrx_word' id='word_1_205' title='bbox 1200 2730 1380 2810; x_wconf 87' lang='lat' dir='ltr'><strong>duorumve,</strong></span> <span class='ocrx_word' id='word_1_206' title='bbox 1405 2726 1467 2795; x_wconf 71' lang='lat' dir='ltr'><strong>ted</strong></span> 
     </span>
    </p>
   </div>
   <div class='ocr_carea' id='block_1_5' title="bbox 177 2904 1477 4763">
    <p class='ocr_par' dir='ltr' id='par_1_5' title="bbox 177 2904 1470 3095">
     <span class='ocr_line' id='line_1_21' title="bbox 177 2904 1468 2969; baseline -0.001 -16"><span class='ocrx_word' id='word_1_207' title='bbox 177 2904 259 2953; x_wconf 81' lang='lat' dir='ltr'><strong>extimi</strong></span> <span class='ocrx_word' id='word_1_208' title='bbox 277 2904 370 2953; x_wconf 82' lang='lat' dir='ltr'><strong>dierum</strong></span> <span class='ocrx_word' id='word_1_209' title='bbox 393 2910 489 2953; x_wconf 64' lang='lat' dir='ltr'><strong>lwd-</strong></span> <span class='ocrx_word' id='word_1_210' title='bbox 533 2905 640 2966; x_wconf 63' lang='lat' dir='ltr'><strong>aemam</strong></span> <span class='ocrx_word' id='word_1_211' title='bbox 662 2904 808 2969; x_wconf 69' lang='lat' dir='ltr'><strong>logatithnaia</strong></span> <span class='ocrx_word' id='word_1_212' title='bbox 840 2904 904 2968; x_wconf 70' lang='lat' dir='ltr'><strong>glolti</strong></span> <span class='ocrx_word' id='word_1_213' title='bbox 922 2904 1041 2969; x_wconf 76' lang='lat' dir='ltr'><strong>contigua,</strong></span> <span class='ocrx_word' id='word_1_214' title='bbox 1059 2920 1131 2968; x_wconf 86' lang='lat' dir='ltr'><strong>quare</strong></span> <span class='ocrx_word' id='word_1_215' title='bbox 1149 2904 1206 2953; x_wconf 90' lang='lat' dir='ltr'><strong>iluet</strong></span> <span class='ocrx_word' id='word_1_216' title='bbox 1220 2904 1246 2952; x_wconf 91' lang='lat' dir='ltr'><strong>in</strong></span> <span class='ocrx_word' id='word_1_217' title='bbox 1259 2904 1326 2952; x_wconf 81' lang='lat' dir='ltr'><strong>elreo</strong></span> <span class='ocrx_word' id='word_1_218' title='bbox 1339 2904 1468 2967; x_wconf 68' lang='lat' dir='ltr'><strong>cellamque</strong></span> 
     </span>
     <span class='ocr_line' id='line_1_22' title="bbox 177 2966 1468 3033; baseline -0.002 -16"><span class='ocrx_word' id='word_1_219' title='bbox 177 2970 222 3019; x_wconf 82' lang='lat' dir='ltr'><strong>etit</strong></span> <span class='ocrx_word' id='word_1_220' title='bbox 840 2983 882 3030; x_wconf 83' lang='lat' dir='ltr'><strong>per</strong></span> <span class='ocrx_word' id='word_1_221' title='bbox 896 2968 957 3015; x_wconf 81' lang='lat' dir='ltr'><strong>vices</strong></span> <span class='ocrx_word' id='word_1_222' title='bbox 972 2966 1085 3029; x_wconf 78' lang='lat' dir='ltr'><strong>perpetui&gt;</strong></span> <span class='ocrx_word' id='word_1_223' title='bbox 1102 2972 1154 3033; x_wconf 85' lang='lat' dir='ltr'><strong>(per</strong></span> <span class='ocrx_word' id='word_1_224' title='bbox 1170 2970 1225 3016; x_wconf 88' lang='lat' dir='ltr'><strong>Cor.</strong></span> <span class='ocrx_word' id='word_1_225' title='bbox 1242 2975 1277 3017; x_wconf 81' lang='grc'><strong>19.</strong></span> <span class='ocrx_word' id='word_1_226' title='bbox 1296 2979 1320 3017; x_wconf 89' lang='lat' dir='ltr'><strong>et</strong></span> <span class='ocrx_word' id='word_1_227' title='bbox 1336 2968 1388 3029; x_wconf 61' lang='lat'><strong>20)</strong></span> <span class='ocrx_word' id='word_1_228' title='bbox 1405 2968 1468 3015; x_wconf 88' lang='lat' dir='ltr'><strong>idem</strong></span> 
     </span>
     <span class='ocr_line' id='line_1_23' title="bbox 306 3032 1470 3095; baseline -0.002 -14"><span class='ocrx_word' id='word_1_229' title='bbox 306 3032 337 3081; x_wconf 80' lang='lat'><strong>1.</strong></span> <span class='ocrx_word' id='word_1_230' title='bbox 400 3062 409 3075; x_wconf 93' lang='lat'><em>-</em></span> <span class='ocrx_word' id='word_1_231' title='bbox 458 3039 546 3083; x_wconf 66' lang='lat' dir='ltr'><strong>aanor</strong></span> <span class='ocrx_word' id='word_1_232' title='bbox 559 3052 594 3081; x_wconf 64' lang='lat' dir='ltr'><strong>a</strong></span> <span class='ocrx_word' id='word_1_233' title='bbox 606 3038 743 3084; x_wconf 69' lang='lat' dir='ltr'><strong>terame</strong></span> <span class='ocrx_word' id='word_1_234' title='bbox 840 3032 921 3095; x_wconf 74' lang='lat' dir='ltr'><strong>pectet</strong></span> <span class='ocrx_word' id='word_1_235' title='bbox 935 3034 1020 3081; x_wconf 58' lang='lat' dir='ltr'><strong>iteum</strong></span> <span class='ocrx_word' id='word_1_236' title='bbox 1036 3033 1237 3090; x_wconf 66' lang='lat' dir='ltr'><strong>demonstrabitur,</strong></span> <span class='ocrx_word' id='word_1_237' title='bbox 1253 3034 1359 3095; x_wconf 69' lang='lat' dir='ltr'><strong>vaeque</strong></span> <span class='ocrx_word' id='word_1_238' title='bbox 1374 3032 1470 3080; x_wconf 64' lang='lat' dir='ltr'><strong>satra</strong></span> 
     </span>
    </p>

    <p class='ocr_par' dir='ltr' id='par_1_6' title="bbox 178 3095 1477 4701">
     <span class='ocr_line' id='line_1_24' title="bbox 307 3095 1239 3157; baseline -0.001 -12"><span class='ocrx_word' id='word_1_239' title='bbox 307 3096 337 3145; x_wconf 78' lang='lat' dir='ltr'><strong>L.</strong></span> <span class='ocrx_word' id='word_1_240' title='bbox 351 3095 443 3144; x_wconf 87' lang='lat' dir='ltr'><strong>dierum</strong></span> <span class='ocrx_word' id='word_1_241' title='bbox 462 3104 548 3147; x_wconf 68' lang='lat' dir='ltr'><strong>amal</strong></span> <span class='ocrx_word' id='word_1_242' title='bbox 561 3117 596 3145; x_wconf 92' lang='lat'>=</span> <span class='ocrx_word' id='word_1_243' title='bbox 610 3102 745 3149; x_wconf 68' lang='lat' dir='ltr'><strong>instrata</strong></span> <span class='ocrx_word' id='word_1_244' title='bbox 842 3096 920 3145; x_wconf 75' lang='lat' dir='ltr'><strong>Lunae</strong></span> <span class='ocrx_word' id='word_1_245' title='bbox 930 3096 1024 3144; x_wconf 72' lang='lat' dir='ltr'><strong>wotrim</strong></span> <span class='ocrx_word' id='word_1_246' title='bbox 1036 3100 1239 3157; x_wconf 84' lang='lat' dir='ltr'><strong>computabuntur.</strong></span> 
     </span>
     <span class='ocr_line' id='line_1_25' title="bbox 607 3158 1470 3223; baseline 0 -16"><span class='ocrx_word' id='word_1_247' title='bbox 607 3188 746 3202; x_wconf 85' lang='grc'>----</span> <span class='ocrx_word' id='word_1_248' title='bbox 874 3160 910 3223; x_wconf 80' lang='lat'><strong>(⁸)</strong></span> <span class='ocrx_word' id='word_1_249' title='bbox 922 3164 936 3191; x_wconf 79' lang='lat'>⁸</span> <span class='ocrx_word' id='word_1_250' title='bbox 949 3163 1025 3223; x_wconf 75' lang='lat' dir='ltr'><strong>Aqua</strong></span> <span class='ocrx_word' id='word_1_251' title='bbox 1035 3164 1159 3209; x_wconf 66' lang='lat' dir='ltr'><strong>mannam</strong></span> <span class='ocrx_word' id='word_1_252' title='bbox 1169 3163 1323 3209; x_wconf 66' lang='lat' dir='ltr'><strong>oditudinem·</strong></span> <span class='ocrx_word' id='word_1_253' title='bbox 1359 3160 1421 3209; x_wconf 80' lang='lat' dir='ltr'><strong>item</strong></span> <span class='ocrx_word' id='word_1_254' title='bbox 1435 3158 1470 3208; x_wconf 81' lang='lat' dir='ltr'><strong>nt</strong></span> 
     </span>
     <span class='ocr_line' id='line_1_26' title="bbox 178 3224 1470 3288; baseline 0 -15"><span class='ocrx_word' id='word_1_255' title='bbox 178 3263 182 3273; x_wconf 95' lang='lat'>.</span> <span class='ocrx_word' id='word_1_256' title='bbox 261 3224 382 3288; x_wconf 73' lang='lat' dir='ltr'><strong>uniusque</strong></span> <span class='ocrx_word' id='word_1_257' title='bbox 393 3224 440 3287; x_wconf 77' lang='lat' dir='ltr'><strong>tog.</strong></span> <span class='ocrx_word' id='word_1_258' title='bbox 454 3240 546 3275; x_wconf 79' lang='lat' dir='ltr'><strong>tumme</strong></span> <span class='ocrx_word' id='word_1_259' title='bbox 562 3245 597 3272; x_wconf 91' lang='lat'><em>=</em></span> <span class='ocrx_word' id='word_1_260' title='bbox 609 3231 746 3281; x_wconf 60' lang='lat'><strong>&amp;2796110</strong></span> <span class='ocrx_word' id='word_1_261' title='bbox 839 3240 867 3273; x_wconf 81' lang='lat' dir='ltr'><strong>ae</strong></span> <span class='ocrx_word' id='word_1_262' title='bbox 877 3226 962 3273; x_wconf 80' lang='lat' dir='ltr'><strong>habete</strong></span> <span class='ocrx_word' id='word_1_263' title='bbox 973 3234 1036 3283; x_wconf 77' lang='lat' dir='ltr'><strong>patet</strong></span> <span class='ocrx_word' id='word_1_264' title='bbox 1045 3241 1074 3271; x_wconf 85' lang='lat' dir='ltr'><strong>ea</strong></span> <span class='ocrx_word' id='word_1_265' title='bbox 1085 3226 1209 3273; x_wconf 66' lang='lat' dir='ltr'><strong>marram</strong></span> <span class='ocrx_word' id='word_1_266' title='bbox 1217 3225 1422 3282; x_wconf 71' lang='lat' dir='ltr'><strong>amlruamarinia,</strong></span> <span class='ocrx_word' id='word_1_267' title='bbox 1432 3240 1470 3273; x_wconf 85' lang='lat' dir='ltr'><strong>ra-</strong></span> 
     </span>
     <span class='ocr_line' id='line_1_27' title="bbox 843 3287 1470 3337; baseline 0.002 -2"><span class='ocrx_word' id='word_1_268' title='bbox 843 3287 877 3335; x_wconf 88' lang='lat' dir='ltr'><strong>tio</strong></span> <span class='ocrx_word' id='word_1_269' title='bbox 897 3296 976 3336; x_wconf 86' lang='lat' dir='ltr'><strong>autem</strong></span> <span class='ocrx_word' id='word_1_270' title='bbox 997 3290 1047 3336; x_wconf 79' lang='lat' dir='ltr'><strong>irae</strong></span> <span class='ocrx_word' id='word_1_271' title='bbox 1068 3300 1109 3337; x_wconf 77' lang='lat' dir='ltr'><strong>eat.</strong></span> <span class='ocrx_word' id='word_1_272' title='bbox 1145 3288 1190 3336; x_wconf 70' lang='lat' dir='ltr'><strong>vis</strong></span> <span class='ocrx_word' id='word_1_273' title='bbox 1210 3289 1269 3337; x_wconf 84' lang='lat' dir='ltr'><strong>Solia</strong></span> <span class='ocrx_word' id='word_1_274' title='bbox 1288 3290 1323 3336; x_wconf 83' lang='lat' dir='ltr'><strong>rel</strong></span> <span class='ocrx_word' id='word_1_275' title='bbox 1344 3288 1422 3336; x_wconf 74' lang='lat' dir='ltr'><strong>Luna</strong></span> <span class='ocrx_word' id='word_1_276' title='bbox 1439 3288 1470 3336; x_wconf 88' lang='lat' dir='ltr'><strong>ad</strong></span> 
     </span>
     <span class='ocr_line' id='line_1_28' title="bbox 322 3336 1471 3417; baseline 0.002 -20"><span class='ocrx_word' id='word_1_277' title='bbox 322 3348 416 3397; x_wconf 76' lang='lat' dir='ltr'><strong>Deludd</strong></span> <span class='ocrx_word' id='word_1_278' title='bbox 427 3350 457 3397; x_wconf 87' lang='lat' dir='ltr'><strong>L.</strong></span> <span class='ocrx_word' id='word_1_279' title='bbox 481 3336 549 3417; x_wconf 65' lang='lat'><strong>802}</strong></span> <span class='ocrx_word' id='word_1_280' title='bbox 563 3368 598 3397; x_wconf 82' lang='lat'>=</span> <span class='ocrx_word' id='word_1_281' title='bbox 609 3354 747 3401; x_wconf 54' lang='lat' dir='ltr'><strong>2480&amp;ss</strong></span> <span class='ocrx_word' id='word_1_282' title='bbox 842 3352 1055 3400; x_wconf 81' lang='lat' dir='ltr'><strong>marcelerandurn</strong></span> <span class='ocrx_word' id='word_1_283' title='bbox 1066 3353 1168 3401; x_wconf 73' lang='lat' dir='ltr'><strong>naalma</strong></span> <span class='ocrx_word' id='word_1_284' title='bbox 1178 3363 1213 3399; x_wconf 84' lang='lat' dir='ltr'><strong>ert</strong></span> <span class='ocrx_word' id='word_1_285' title='bbox 1226 3354 1251 3399; x_wconf 90' lang='lat' dir='ltr'><strong>iu</strong></span> <span class='ocrx_word' id='word_1_286' title='bbox 1263 3346 1313 3413; x_wconf 49' lang='lat' dir='ltr'><strong>ip&amp;</strong></span> <span class='ocrx_word' id='word_1_287' title='bbox 1322 3353 1422 3413; x_wconf 80' lang='lat' dir='ltr'><strong>appulae</strong></span> <span class='ocrx_word' id='word_1_288' title='bbox 1432 3352 1471 3399; x_wconf 88' lang='lat' dir='ltr'><strong>lu-</strong></span> 
     </span>
     <span class='ocr_line' id='line_1_29' title="bbox 320 3413 1471 3478; baseline 0.002 -16"><span class='ocrx_word' id='word_1_289' title='bbox 320 3413 381 3477; x_wconf 80' lang='lat' dir='ltr'><strong>Log.</strong></span> <span class='ocrx_word' id='word_1_290' title='bbox 395 3414 453 3461; x_wconf 76' lang='lat' dir='ltr'><strong>dien</strong></span> <span class='ocrx_word' id='word_1_291' title='bbox 466 3416 553 3464; x_wconf 74' lang='lat' dir='ltr'><strong>laces</strong></span> <span class='ocrx_word' id='word_1_292' title='bbox 563 3434 598 3461; x_wconf 92' lang='lat'><em>=</em></span> <span class='ocrx_word' id='word_1_293' title='bbox 611 3420 746 3464; x_wconf 67' lang='lat' dir='ltr'><strong>laetiora</strong></span> <span class='ocrx_word' id='word_1_294' title='bbox 842 3416 939 3463; x_wconf 78' lang='lat' dir='ltr'><strong>nimria</strong></span> <span class='ocrx_word' id='word_1_295' title='bbox 949 3416 979 3463; x_wconf 79' lang='lat' dir='ltr'><strong>ad</strong></span> <span class='ocrx_word' id='word_1_296' title='bbox 989 3417 1143 3464; x_wconf 76' lang='lat' dir='ltr'><strong>meridianum</strong></span> <span class='ocrx_word' id='word_1_297' title='bbox 1154 3426 1178 3464; x_wconf 79' lang='lat' dir='ltr'><strong>et</strong></span> <span class='ocrx_word' id='word_1_298' title='bbox 1187 3416 1268 3478; x_wconf 75' lang='lat' dir='ltr'><strong>postea</strong></span> <span class='ocrx_word' id='word_1_299' title='bbox 1278 3417 1395 3471; x_wconf 77' lang='lat' dir='ltr'><strong>decrescit,</strong></span> <span class='ocrx_word' id='word_1_300' title='bbox 1412 3427 1471 3465; x_wconf 77' lang='lat' dir='ltr'><strong>atta·</strong></span> 
     </span>
     <span class='ocr_line' id='line_1_30' title="bbox 222 3480 1469 3543; baseline 0 -16"><span class='ocrx_word' id='word_1_301' title='bbox 222 3488 227 3495; x_wconf 92' lang='lat'>&#39;</span> <span class='ocrx_word' id='word_1_302' title='bbox 607 3503 748 3519; x_wconf 87' lang='lat'><em>-—··—</em></span> <span class='ocrx_word' id='word_1_303' title='bbox 843 3494 899 3527; x_wconf 87' lang='lat' dir='ltr'><strong>tuen</strong></span> <span class='ocrx_word' id='word_1_304' title='bbox 916 3480 988 3543; x_wconf 74' lang='lat' dir='ltr'><strong>hujus</strong></span> <span class='ocrx_word' id='word_1_305' title='bbox 1006 3481 1040 3527; x_wconf 80' lang='lat' dir='ltr'><strong>ria</strong></span> <span class='ocrx_word' id='word_1_306' title='bbox 1058 3480 1155 3529; x_wconf 72' lang='lat' dir='ltr'><strong>effectur</strong></span> <span class='ocrx_word' id='word_1_307' title='bbox 1170 3480 1277 3529; x_wconf 87' lang='lat' dir='ltr'><strong>nondum</strong></span> <span class='ocrx_word' id='word_1_308' title='bbox 1295 3492 1330 3528; x_wconf 81' lang='lat' dir='ltr'><strong>est</strong></span> <span class='ocrx_word' id='word_1_309' title='bbox 1345 3482 1469 3528; x_wconf 78' lang='lat' dir='ltr'><strong>maximus.</strong></span> 
     </span>
     <span class='ocr_line' id='line_1_31' title="bbox 329 3541 1472 3609; baseline 0.003 -20"><span class='ocrx_word' id='word_1_310' title='bbox 329 3541 451 3605; x_wconf 71' lang='lat' dir='ltr'><strong>utriusque</strong></span> <span class='ocrx_word' id='word_1_311' title='bbox 460 3558 553 3591; x_wconf 82' lang='lat' dir='ltr'><strong>rumora</strong></span> <span class='ocrx_word' id='word_1_312' title='bbox 562 3562 598 3589; x_wconf 93' lang='lat'>=</span> <span class='ocrx_word' id='word_1_313' title='bbox 609 3548 745 3593; x_wconf 61' lang='lat'><strong>&amp;7029861</strong></span> <span class='ocrx_word' id='word_1_314' title='bbox 845 3544 931 3593; x_wconf 79' lang='lat' dir='ltr'><strong>Omnia</strong></span> <span class='ocrx_word' id='word_1_315' title='bbox 946 3544 1008 3591; x_wconf 87' lang='lat' dir='ltr'><strong>enim</strong></span> <span class='ocrx_word' id='word_1_316' title='bbox 1024 3555 1103 3593; x_wconf 86' lang='lat' dir='ltr'><strong>motus</strong></span> <span class='ocrx_word' id='word_1_317' title='bbox 1117 3545 1188 3593; x_wconf 77' lang='lat' dir='ltr'><strong>semel</strong></span> <span class='ocrx_word' id='word_1_318' title='bbox 1203 3545 1329 3605; x_wconf 69' lang='lat' dir='ltr'><strong>impressus</strong></span> <span class='ocrx_word' id='word_1_319' title='bbox 1343 3555 1472 3609; x_wconf 75' lang='lat' dir='ltr'><strong>perseverat</strong></span> 
     </span>
     <span class='ocr_line' id='line_1_32' title="bbox 843 3608 1473 3667; baseline 0.002 -13"><span class='ocrx_word' id='word_1_320' title='bbox 843 3608 997 3667; x_wconf 74' lang='lat' dir='ltr'><strong>uniformiter,</strong></span> <span class='ocrx_word' id='word_1_321' title='bbox 1006 3608 1080 3657; x_wconf 88' lang='lat' dir='ltr'><strong>donec</strong></span> <span class='ocrx_word' id='word_1_322' title='bbox 1091 3619 1157 3656; x_wconf 90' lang='lat' dir='ltr'><strong>motu</strong></span> <span class='ocrx_word' id='word_1_323' title='bbox 1169 3610 1283 3656; x_wconf 77' lang='lat' dir='ltr'><strong>connado</strong></span> <span class='ocrx_word' id='word_1_324' title='bbox 1294 3608 1425 3657; x_wconf 82' lang='lat' dir='ltr'><strong>destruatur</strong></span> <span class='ocrx_word' id='word_1_325' title='bbox 1436 3608 1473 3656; x_wconf 81' lang='lat' dir='ltr'><strong>vel</strong></span> 
     </span>
     <span class='ocr_line' id='line_1_33' title="bbox 217 3668 1475 3734; baseline 0.002 -17"><span class='ocrx_word' id='word_1_326' title='bbox 217 3668 669 3734; x_wconf 78' lang='lat' dir='ltr'><strong>Hecmbtrahaturattuumiarperiori</strong></span> <span class='ocrx_word' id='word_1_327' title='bbox 677 3676 811 3723; x_wconf 66' lang='lat' dir='ltr'><strong>daittlto</strong></span> <span class='ocrx_word' id='word_1_328' title='bbox 842 3672 925 3721; x_wconf 83' lang='lat' dir='ltr'><strong>aaltem</strong></span> <span class='ocrx_word' id='word_1_329' title='bbox 936 3672 1082 3721; x_wconf 83' lang='lat' dir='ltr'><strong>retardetur.-</strong></span> <span class='ocrx_word' id='word_1_330' title='bbox 1107 3673 1173 3721; x_wconf 83' lang='lat' dir='ltr'><strong>Hinc</strong></span> <span class='ocrx_word' id='word_1_331' title='bbox 1184 3674 1210 3720; x_wconf 77' lang='lat' dir='ltr'><strong>fit</strong></span> <span class='ocrx_word' id='word_1_332' title='bbox 1221 3672 1336 3722; x_wconf 84' lang='lat' dir='ltr'><strong>utiluxus</strong></span> <span class='ocrx_word' id='word_1_333' title='bbox 1346 3674 1416 3721; x_wconf 80' lang='lat' dir='ltr'><strong>maris</strong></span> <span class='ocrx_word' id='word_1_334' title='bbox 1432 3688 1475 3734; x_wconf 88' lang='lat' dir='ltr'><strong>per</strong></span> 
     </span>
     <span class='ocr_line' id='line_1_34' title="bbox 183 3735 1473 3797; baseline 0.003 -17"><span class='ocrx_word' id='word_1_335' title='bbox 183 3744 288 3781; x_wconf 64' lang='lat' dir='ltr'><strong>tuomet</strong></span> <span class='ocrx_word' id='word_1_336' title='bbox 298 3735 346 3797; x_wconf 85' lang='lat' dir='ltr'><strong>lag.</strong></span> <span class='ocrx_word' id='word_1_337' title='bbox 361 3740 505 3790; x_wconf 73' lang='lat'><strong>25766249,</strong></span> <span class='ocrx_word' id='word_1_338' title='bbox 516 3738 555 3783; x_wconf 89' lang='lat' dir='ltr'><strong>cui</strong></span> <span class='ocrx_word' id='word_1_339' title='bbox 566 3736 689 3795; x_wconf 75' lang='lat' dir='ltr'><strong>respondet</strong></span> <span class='ocrx_word' id='word_1_340' title='bbox 699 3752 811 3786; x_wconf 81' lang='lat' dir='ltr'><strong>numerus</strong></span> <span class='ocrx_word' id='word_1_341' title='bbox 843 3750 884 3783; x_wconf 82' lang='lat' dir='ltr'><strong>aea</strong></span> <span class='ocrx_word' id='word_1_342' title='bbox 895 3737 984 3784; x_wconf 83' lang='lat' dir='ltr'><strong>circiter</strong></span> <span class='ocrx_word' id='word_1_343' title='bbox 999 3738 1067 3785; x_wconf 82' lang='lat' dir='ltr'><strong>boras</strong></span> <span class='ocrx_word' id='word_1_344' title='bbox 1076 3738 1280 3785; x_wconf 76' lang='lat' dir='ltr'><strong>ante-meridianas</strong></span> <span class='ocrx_word' id='word_1_345' title='bbox 1290 3748 1374 3785; x_wconf 75' lang='lat' dir='ltr'><strong>auctus</strong></span> <span class='ocrx_word' id='word_1_346' title='bbox 1384 3748 1407 3785; x_wconf 90' lang='lat' dir='ltr'><strong>et</strong></span> <span class='ocrx_word' id='word_1_347' title='bbox 1417 3753 1473 3785; x_wconf 88' lang='lat' dir='ltr'><strong>eum</strong></span> 
     </span>
     <span class='ocr_line' id='line_1_35' title="bbox 185 3798 1475 3865; baseline 0.002 -20"><span class='ocrx_word' id='word_1_348' title='bbox 185 3804 240 3846; x_wconf 74' lang='lat'><strong>878·</strong></span> <span class='ocrx_word' id='word_1_349' title='bbox 253 3798 309 3846; x_wconf 72' lang='lat' dir='ltr'><strong>sert.</strong></span> <span class='ocrx_word' id='word_1_350' title='bbox 342 3798 423 3854; x_wconf 80' lang='lat' dir='ltr'><strong>Quard</strong></span> <span class='ocrx_word' id='word_1_351' title='bbox 438 3816 468 3847; x_wconf 87' lang='lat' dir='ltr'><strong>ex</strong></span> <span class='ocrx_word' id='word_1_352' title='bbox 484 3800 591 3865; x_wconf 72' lang='lat' dir='ltr'><strong>audogii</strong></span> <span class='ocrx_word' id='word_1_353' title='bbox 609 3802 717 3849; x_wconf 67' lang='lat' dir='ltr'><strong>Nectarii</strong></span> <span class='ocrx_word' id='word_1_354' title='bbox 732 3810 756 3849; x_wconf 85' lang='lat' dir='ltr'><strong>et</strong></span> <span class='ocrx_word' id='word_1_355' title='bbox 766 3800 814 3849; x_wconf 85' lang='lat' dir='ltr'><strong>cai-</strong></span> <span class='ocrx_word' id='word_1_356' title='bbox 845 3810 912 3849; x_wconf 84' lang='lat' dir='ltr'><strong>rnotu</strong></span> <span class='ocrx_word' id='word_1_357' title='bbox 922 3802 1008 3849; x_wconf 85' lang='lat' dir='ltr'><strong>diurno</strong></span> <span class='ocrx_word' id='word_1_358' title='bbox 1018 3802 1153 3863; x_wconf 75' lang='lat' dir='ltr'><strong>conspirans</strong></span> <span class='ocrx_word' id='word_1_359' title='bbox 1162 3802 1308 3860; x_wconf 74' lang='lat' dir='ltr'><strong>acceleratus,</strong></span> <span class='ocrx_word' id='word_1_360' title='bbox 1320 3802 1402 3865; x_wconf 68' lang='lat' dir='ltr'><strong>maiori</strong></span> <span class='ocrx_word' id='word_1_361' title='bbox 1413 3801 1475 3849; x_wconf 85' lang='lat' dir='ltr'><strong>ceie-</strong></span> 
     </span>
     <span class='ocr_line' id='line_1_36' title="bbox 184 3860 1475 3930; baseline 0.003 -21"><span class='ocrx_word' id='word_1_362' title='bbox 184 3862 239 3909; x_wconf 89' lang='lat' dir='ltr'><strong>culo</strong></span> <span class='ocrx_word' id='word_1_363' title='bbox 256 3863 374 3925; x_wconf 76' lang='lat' dir='ltr'><strong>colligitur</strong></span> <span class='ocrx_word' id='word_1_364' title='bbox 389 3863 539 3918; x_wconf 76' lang='lat' dir='ltr'><strong>variationem</strong></span> <span class='ocrx_word' id='word_1_365' title='bbox 551 3864 655 3913; x_wconf 75' lang='lat' dir='ltr'><strong>satellitio</strong></span> <span class='ocrx_word' id='word_1_366' title='bbox 665 3880 714 3913; x_wconf 79' lang='lat' dir='ltr'><strong>eaae</strong></span> <span class='ocrx_word' id='word_1_367' title='bbox 725 3874 814 3927; x_wconf 86' lang='lat' dir='ltr'><strong>partem</strong></span> <span class='ocrx_word' id='word_1_368' title='bbox 846 3865 914 3913; x_wconf 79' lang='lat' dir='ltr'><strong>ritate</strong></span> <span class='ocrx_word' id='word_1_369' title='bbox 926 3860 1030 3915; x_wconf 70' lang='lat' dir='ltr'><strong>&#39;ultanus</strong></span> <span class='ocrx_word' id='word_1_370' title='bbox 1050 3882 1146 3930; x_wconf 79' lang='lat' dir='ltr'><strong>pergere</strong></span> <span class='ocrx_word' id='word_1_371' title='bbox 1163 3866 1245 3914; x_wconf 83' lang='lat' dir='ltr'><strong>debeat</strong></span> <span class='ocrx_word' id='word_1_372' title='bbox 1265 3877 1289 3913; x_wconf 87' lang='lat' dir='ltr'><strong>et</strong></span> <span class='ocrx_word' id='word_1_373' title='bbox 1310 3882 1382 3929; x_wconf 80' lang='lat' dir='ltr'><strong>aquae</strong></span> <span class='ocrx_word' id='word_1_374' title='bbox 1398 3867 1475 3929; x_wconf 79' lang='lat' dir='ltr'><strong>magia</strong></span> 
     </span>
     <span class='ocr_line' id='line_1_37' title="bbox 185 3927 1476 3994; baseline 0.001 -19"><span class='ocrx_word' id='word_1_375' title='bbox 185 3932 229 3975; x_wconf 84' lang='lat'><strong>878</strong></span> <span class='ocrx_word' id='word_1_376' title='bbox 253 3927 384 3975; x_wconf 74' lang='lat' dir='ltr'><strong>variationis</strong></span> <span class='ocrx_word' id='word_1_377' title='bbox 402 3928 481 3976; x_wconf 77' lang='lat' dir='ltr'><strong>Luna</strong></span> <span class='ocrx_word' id='word_1_378' title='bbox 498 3929 595 3977; x_wconf 81' lang='lat' dir='ltr'><strong>circiter.</strong></span> <span class='ocrx_word' id='word_1_379' title='bbox 642 3928 688 3976; x_wconf 86' lang='lat' dir='ltr'><strong>Sed</strong></span> <span class='ocrx_word' id='word_1_380' title='bbox 707 3930 813 3977; x_wconf 86' lang='lat' dir='ltr'><strong>variatio·</strong></span> <span class='ocrx_word' id='word_1_381' title='bbox 846 3930 967 3993; x_wconf 79' lang='lat' dir='ltr'><strong>magisque</strong></span> <span class='ocrx_word' id='word_1_382' title='bbox 982 3929 1079 3986; x_wconf 69' lang='lat' dir='ltr'><strong>mullet,</strong></span> <span class='ocrx_word' id='word_1_383' title='bbox 1098 3930 1172 3994; x_wconf 64' lang='lat' dir='ltr'><strong>uaqrm</strong></span> <span class='ocrx_word' id='word_1_384' title='bbox 1188 3930 1245 3977; x_wconf 88' lang='lat' dir='ltr'><strong>dum</strong></span> <span class='ocrx_word' id='word_1_385' title='bbox 1261 3930 1342 3977; x_wconf 84' lang='lat' dir='ltr'><strong>eadem</strong></span> <span class='ocrx_word' id='word_1_386' title='bbox 1354 3930 1476 3977; x_wconf 83' lang='lat' dir='ltr'><strong>rismotui</strong></span> 
     </span>
     <span class='ocr_line' id='line_1_38' title="bbox 185 3990 1476 4057; baseline 0.004 -20"><span class='ocrx_word' id='word_1_387' title='bbox 185 4006 239 4037; x_wconf 84' lang='lat' dir='ltr'><strong>narn</strong></span> <span class='ocrx_word' id='word_1_388' title='bbox 258 3990 335 4038; x_wconf 74' lang='lat' dir='ltr'><strong>Luna</strong></span> <span class='ocrx_word' id='word_1_389' title='bbox 351 3993 477 4041; x_wconf 81' lang='lat' dir='ltr'><strong>maximam</strong></span> <span class='ocrx_word' id='word_1_390' title='bbox 490 3994 517 4041; x_wconf 87' lang='lat' dir='ltr'><strong>iu</strong></span> <span class='ocrx_word' id='word_1_391' title='bbox 527 4008 624 4057; x_wconf 81' lang='lat' dir='ltr'><strong>apogato</strong></span> <span class='ocrx_word' id='word_1_392' title='bbox 636 3992 696 4041; x_wconf 80' lang='lat' dir='ltr'><strong>Sciit</strong></span> <span class='ocrx_word' id='word_1_393' title='bbox 706 3992 814 4055; x_wconf 81' lang='lat' dir='ltr'><strong>deinceps</strong></span> <span class='ocrx_word' id='word_1_394' title='bbox 846 3992 933 4041; x_wconf 89' lang='lat' dir='ltr'><strong>diurno</strong></span> <span class='ocrx_word' id='word_1_395' title='bbox 943 3996 1057 4042; x_wconf 70' lang='lat' dir='ltr'><strong>contrarm</strong></span> <span class='ocrx_word' id='word_1_396' title='bbox 1067 3995 1134 4041; x_wconf 86' lang='lat' dir='ltr'><strong>fluidi</strong></span> <span class='ocrx_word' id='word_1_397' title='bbox 1148 4008 1243 4042; x_wconf 84' lang='lat' dir='ltr'><strong>cursum</strong></span> <span class='ocrx_word' id='word_1_398' title='bbox 1254 3996 1365 4056; x_wconf 84' lang='lat' dir='ltr'><strong>paulatim</strong></span> <span class='ocrx_word' id='word_1_399' title='bbox 1377 3996 1441 4042; x_wconf 80' lang='lat' dir='ltr'><strong>sinat</strong></span> <span class='ocrx_word' id='word_1_400' title='bbox 1452 4004 1476 4041; x_wconf 85' lang='lat' dir='ltr'><strong>et</strong></span> 
     </span>
     <span class='ocr_line' id='line_1_39' title="bbox 184 4054 1475 4122; baseline 0.002 -19"><span class='ocrx_word' id='word_1_401' title='bbox 184 4054 322 4103; x_wconf 78' lang='lat' dir='ltr'><strong>determinat</strong></span> <span class='ocrx_word' id='word_1_402' title='bbox 348 4056 478 4106; x_wconf 81' lang='lat' dir='ltr'><strong>Newtonua</strong></span> <span class='ocrx_word' id='word_1_403' title='bbox 504 4058 548 4106; x_wconf 77' lang='lat'>88¹.</span> <span class='ocrx_word' id='word_1_404' title='bbox 581 4056 629 4105; x_wconf 66' lang='grc' dir='ltr'><strong>Μ’.</strong></span> <span class='ocrx_word' id='word_1_405' title='bbox 653 4056 702 4105; x_wconf 81' lang='lat' dir='ltr'><strong>eird</strong></span> <span class='ocrx_word' id='word_1_406' title='bbox 731 4058 811 4107; x_wconf 70' lang='lat'><strong>1994&#39;2</strong></span> <span class='ocrx_word' id='word_1_407' title='bbox 846 4072 917 4121; x_wconf 79' lang='lat' dir='ltr'><strong>aquas</strong></span> <span class='ocrx_word' id='word_1_408' title='bbox 937 4068 1007 4122; x_wconf 79' lang='lat' dir='ltr'><strong>cogat</strong></span> <span class='ocrx_word' id='word_1_409' title='bbox 1027 4058 1132 4106; x_wconf 82' lang='lat' dir='ltr'><strong>refluere.</strong></span> <span class='ocrx_word' id='word_1_410' title='bbox 1174 4058 1236 4106; x_wconf 72' lang='lat' dir='ltr'><strong>Hac</strong></span> <span class='ocrx_word' id='word_1_411' title='bbox 1254 4058 1333 4107; x_wconf 74' lang='lat' dir='ltr'><strong>morde</strong></span> <span class='ocrx_word' id='word_1_412' title='bbox 1351 4060 1475 4107; x_wconf 85' lang='lat' dir='ltr'><strong>retardatio</strong></span> 
     </span>
     <span class='ocr_line' id='line_1_40' title="bbox 187 4118 1474 4179; baseline 0.005 -14"><span class='ocrx_word' id='word_1_413' title='bbox 187 4118 269 4174; x_wconf 72' lang='lat' dir='ltr'><strong>Quare</strong></span> <span class='ocrx_word' id='word_1_414' title='bbox 287 4134 340 4179; x_wconf 81' lang='lat' dir='ltr'><strong>pars</strong></span> <span class='ocrx_word' id='word_1_415' title='bbox 353 4126 407 4169; x_wconf 76' lang='lat' dir='ltr'><strong>5t8.</strong></span> <span class='ocrx_word' id='word_1_416' title='bbox 421 4131 456 4168; x_wconf 81' lang='lat' dir='ltr'><strong>eat</strong></span> <span class='ocrx_word' id='word_1_417' title='bbox 472 4122 507 4171; x_wconf 79' lang='lat'><strong>5¹¹.</strong></span> <span class='ocrx_word' id='word_1_418' title='bbox 523 4120 571 4171; x_wconf 81' lang='grc'><strong>15”’</strong></span> <span class='ocrx_word' id='word_1_419' title='bbox 592 4130 621 4169; x_wconf 84' lang='lat' dir='ltr'><strong>ut</strong></span> <span class='ocrx_word' id='word_1_420' title='bbox 631 4121 761 4170; x_wconf 79' lang='lat' dir='ltr'><strong>Newtonus</strong></span> <span class='ocrx_word' id='word_1_421' title='bbox 776 4121 817 4169; x_wconf 76' lang='lat' dir='ltr'><strong>in:</strong></span> <span class='ocrx_word' id='word_1_422' title='bbox 845 4120 948 4170; x_wconf 73' lang='lat' dir='ltr'><strong>murare</strong></span> <span class='ocrx_word' id='word_1_423' title='bbox 961 4121 1023 4170; x_wconf 77' lang='lat' dir='ltr'><strong>circi</strong></span> <span class='ocrx_word' id='word_1_424' title='bbox 1039 4132 1141 4171; x_wconf 82' lang='lat' dir='ltr'><strong>octantec</strong></span> <span class='ocrx_word' id='word_1_425' title='bbox 1152 4122 1200 4170; x_wconf 73' lang='lat' dir='ltr'><strong>aive</strong></span> <span class='ocrx_word' id='word_1_426' title='bbox 1210 4124 1292 4171; x_wconf 84' lang='lat' dir='ltr'><strong>horam</strong></span> <span class='ocrx_word' id='word_1_427' title='bbox 1307 4124 1396 4171; x_wconf 87' lang='lat' dir='ltr'><strong>tertiam</strong></span> <span class='ocrx_word' id='word_1_428' title='bbox 1409 4135 1474 4171; x_wconf 88' lang='lat' dir='ltr'><strong>nota·</strong></span> 
     </span>
     <span class='ocr_line' id='line_1_41' title="bbox 184 4182 1476 4249; baseline 0.004 -20"><span class='ocrx_word' id='word_1_429' title='bbox 184 4182 256 4239; x_wconf 83' lang='lat' dir='ltr'><strong>venit,</strong></span> <span class='ocrx_word' id='word_1_430' title='bbox 268 4184 450 4245; x_wconf 69' lang='lat' dir='ltr'><strong>quamproxime.</strong></span> <span class='ocrx_word' id='word_1_431' title='bbox 845 4186 898 4234; x_wconf 81' lang='lat' dir='ltr'><strong>bilis</strong></span> <span class='ocrx_word' id='word_1_432' title='bbox 908 4196 949 4234; x_wconf 82' lang='lat' dir='ltr'><strong>eat.</strong></span> <span class='ocrx_word' id='word_1_433' title='bbox 980 4188 1036 4234; x_wconf 81' lang='lat' dir='ltr'><strong>Alia</strong></span> <span class='ocrx_word' id='word_1_434' title='bbox 1047 4202 1094 4234; x_wconf 87' lang='lat' dir='ltr'><strong>non</strong></span> <span class='ocrx_word' id='word_1_435' title='bbox 1106 4188 1190 4235; x_wconf 77' lang='lat' dir='ltr'><strong>desunt</strong></span> <span class='ocrx_word' id='word_1_436' title='bbox 1200 4189 1307 4249; x_wconf 81' lang='lat' dir='ltr'><strong>exempla</strong></span> <span class='ocrx_word' id='word_1_437' title='bbox 1317 4188 1476 4236; x_wconf 80' lang='lat' dir='ltr'><strong>maximorum</strong></span> 
     </span>
     <span class='ocr_line' id='line_1_42' title="bbox 217 4246 1472 4315; baseline 0.002 -18"><span class='ocrx_word' id='word_1_438' title='bbox 217 4246 254 4310; x_wconf 81' lang='lat'><strong>(¹)</strong></span> <span class='ocrx_word' id='word_1_439' title='bbox 268 4250 281 4279; x_wconf 57' lang='lat' dir='ltr'><strong>i</strong></span> <span class='ocrx_word' id='word_1_440' title='bbox 295 4252 343 4297; x_wconf 82' lang='lat' dir='ltr'><strong>Per</strong></span> <span class='ocrx_word' id='word_1_441' title='bbox 355 4252 405 4298; x_wconf 69' lang='lat' dir='ltr'><strong>(br.</strong></span> <span class='ocrx_word' id='word_1_442' title='bbox 420 4256 457 4301; x_wconf 82' lang='grc'><strong>19.</strong></span> <span class='ocrx_word' id='word_1_443' title='bbox 470 4260 494 4299; x_wconf 84' lang='lat' dir='ltr'><strong>et</strong></span> <span class='ocrx_word' id='word_1_444' title='bbox 509 4256 547 4301; x_wconf 78' lang='lat'><strong>20.</strong></span> <span class='ocrx_word' id='word_1_445' title='bbox 584 4250 609 4300; x_wconf 85' lang='lat' dir='ltr'><strong>Si</strong></span> <span class='ocrx_word' id='word_1_446' title='bbox 625 4248 725 4299; x_wconf 85' lang='lat' dir='ltr'><strong>liuidum</strong></span> <span class='ocrx_word' id='word_1_447' title='bbox 739 4250 764 4297; x_wconf 91' lang='lat' dir='ltr'><strong>ln</strong></span> <span class='ocrx_word' id='word_1_448' title='bbox 779 4250 812 4298; x_wconf 87' lang='lat' dir='ltr'><strong>al·</strong></span> <span class='ocrx_word' id='word_1_449' title='bbox 846 4250 974 4299; x_wconf 73' lang='lat' dir='ltr'><strong>effoetum</strong></span> <span class='ocrx_word' id='word_1_450' title='bbox 989 4252 1031 4315; x_wconf 87' lang='lat' dir='ltr'><strong>qui</strong></span> <span class='ocrx_word' id='word_1_451' title='bbox 1047 4261 1100 4313; x_wconf 78' lang='lat' dir='ltr'><strong>poet</strong></span> <span class='ocrx_word' id='word_1_452' title='bbox 1110 4267 1190 4299; x_wconf 76' lang='lat' dir='ltr'><strong>musar</strong></span> <span class='ocrx_word' id='word_1_453' title='bbox 1201 4253 1314 4300; x_wconf 76' lang='lat' dir='ltr'><strong>maximas</strong></span> <span class='ocrx_word' id='word_1_454' title='bbox 1324 4252 1472 4315; x_wconf 76' lang='lat' dir='ltr'><strong>contingunt.</strong></span> 
     </span>
     <span class='ocr_line' id='line_1_43' title="bbox 183 4312 1475 4378; baseline 0.005 -19"><span class='ocrx_word' id='word_1_455' title='bbox 183 4324 228 4359; x_wconf 86' lang='lat' dir='ltr'><strong>reo</strong></span> <span class='ocrx_word' id='word_1_456' title='bbox 245 4324 287 4371; x_wconf 80' lang='lat' dir='ltr'><strong>per</strong></span> <span class='ocrx_word' id='word_1_457' title='bbox 305 4312 450 4373; x_wconf 77' lang='lat' dir='ltr'><strong>superficiem</strong></span> <span class='ocrx_word' id='word_1_458' title='bbox 469 4315 570 4378; x_wconf 76' lang='lat' dir='ltr'><strong>cujuatr‘r</strong></span> <span class='ocrx_word' id='word_1_459' title='bbox 588 4316 687 4377; x_wconf 73' lang='lat' dir='ltr'><strong>planeta:</strong></span> <span class='ocrx_word' id='word_1_460' title='bbox 704 4324 813 4362; x_wconf 70' lang='lat' dir='ltr'><strong>exarato</strong></span> <span class='ocrx_word' id='word_1_461' title='bbox 847 4314 904 4361; x_wconf 87' lang='lat' dir='ltr'><strong>Non</strong></span> <span class='ocrx_word' id='word_1_462' title='bbox 919 4315 945 4361; x_wconf 91' lang='lat' dir='ltr'><strong>in</strong></span> <span class='ocrx_word' id='word_1_463' title='bbox 960 4316 1016 4377; x_wconf 74' lang='lat' dir='ltr'><strong>ipsis</strong></span> <span class='ocrx_word' id='word_1_464' title='bbox 1030 4316 1133 4363; x_wconf 79' lang='lat' dir='ltr'><strong>solstitiis</strong></span> <span class='ocrx_word' id='word_1_465' title='bbox 1144 4317 1227 4364; x_wconf 80' lang='lat' dir='ltr'><strong>aestivit</strong></span> <span class='ocrx_word' id='word_1_466' title='bbox 1236 4318 1339 4364; x_wconf 82' lang='lat' dir='ltr'><strong>maxime</strong></span> <span class='ocrx_word' id='word_1_467' title='bbox 1350 4318 1475 4365; x_wconf 78' lang='lat' dir='ltr'><strong>ferveres·</strong></span> 
     </span>
     <span class='ocr_line' id='line_1_44' title="bbox 184 4372 1475 4442; baseline 0.004 -19"><span class='ocrx_word' id='word_1_468' title='bbox 184 4374 337 4433; x_wconf 85' lang='lat' dir='ltr'><strong>contineatur,</strong></span> <span class='ocrx_word' id='word_1_469' title='bbox 353 4372 534 4441; x_wconf 58' lang='lat' dir='ltr'><strong>timulqafcum</strong></span> <span class='ocrx_word' id='word_1_470' title='bbox 545 4379 639 4439; x_wconf 77' lang='lat' dir='ltr'><strong>planeta</strong></span> <span class='ocrx_word' id='word_1_471' title='bbox 650 4390 715 4426; x_wconf 91' lang='lat' dir='ltr'><strong>motu</strong></span> <span class='ocrx_word' id='word_1_472' title='bbox 726 4380 812 4427; x_wconf 69' lang='lat' dir='ltr'><strong>durno</strong></span> <span class='ocrx_word' id='word_1_473' title='bbox 844 4386 886 4435; x_wconf 75' lang='lat' dir='ltr'><strong>tac,</strong></span> <span class='ocrx_word' id='word_1_474' title='bbox 902 4379 962 4427; x_wconf 82' lang='lat' dir='ltr'><strong>aient</strong></span> <span class='ocrx_word' id='word_1_475' title='bbox 973 4395 1048 4441; x_wconf 88' lang='lat' dir='ltr'><strong>neque</strong></span> <span class='ocrx_word' id='word_1_476' title='bbox 1062 4383 1088 4427; x_wconf 87' lang='lat' dir='ltr'><strong>iu</strong></span> <span class='ocrx_word' id='word_1_477' title='bbox 1098 4380 1154 4441; x_wconf 82' lang='lat' dir='ltr'><strong>ipsis</strong></span> <span class='ocrx_word' id='word_1_478' title='bbox 1163 4380 1266 4428; x_wconf 75' lang='lat' dir='ltr'><strong>mlatitiis</strong></span> <span class='ocrx_word' id='word_1_479' title='bbox 1282 4381 1391 4442; x_wconf 80' lang='lat' dir='ltr'><strong>hybernia</strong></span> <span class='ocrx_word' id='word_1_480' title='bbox 1401 4382 1475 4428; x_wconf 81' lang='lat' dir='ltr'><strong>rneri-</strong></span> 
     </span>
     <span class='ocr_line' id='line_1_45' title="bbox 183 4438 1476 4509; baseline 0.004 -22"><span class='ocrx_word' id='word_1_481' title='bbox 183 4438 301 4501; x_wconf 86' lang='lat' dir='ltr'><strong>periodico</strong></span> <span class='ocrx_word' id='word_1_482' title='bbox 316 4440 463 4490; x_wconf 78' lang='lat' dir='ltr'><strong>uniformiter</strong></span> <span class='ocrx_word' id='word_1_483' title='bbox 474 4442 611 4501; x_wconf 75' lang='lat' dir='ltr'><strong>revolvatur,</strong></span> <span class='ocrx_word' id='word_1_484' title='bbox 627 4454 703 4505; x_wconf 80' lang='lat' dir='ltr'><strong>parter</strong></span> <span class='ocrx_word' id='word_1_485' title='bbox 713 4442 812 4506; x_wconf 71' lang='lat' dir='ltr'><strong>ringula</strong></span> <span class='ocrx_word' id='word_1_486' title='bbox 847 4440 886 4491; x_wconf 68' lang='lat' dir='ltr'><strong>md</strong></span> <span class='ocrx_word' id='word_1_487' title='bbox 897 4443 966 4507; x_wconf 78' lang='lat' dir='ltr'><strong>friget</strong></span> <span class='ocrx_word' id='word_1_488' title='bbox 975 4445 1066 4503; x_wconf 73' lang='lat' dir='ltr'><strong>hiems3</strong></span> <span class='ocrx_word' id='word_1_489' title='bbox 1082 4445 1122 4491; x_wconf 83' lang='lat' dir='ltr'><strong>sed</strong></span> <span class='ocrx_word' id='word_1_490' title='bbox 1133 4445 1224 4509; x_wconf 80' lang='lat' dir='ltr'><strong>integro</strong></span> <span class='ocrx_word' id='word_1_491' title='bbox 1235 4446 1326 4492; x_wconf 90' lang='lat' dir='ltr'><strong>circiter</strong></span> <span class='ocrx_word' id='word_1_492' title='bbox 1333 4460 1412 4492; x_wconf 78' lang='lat' dir='ltr'><strong>mense</strong></span> <span class='ocrx_word' id='word_1_493' title='bbox 1423 4454 1476 4506; x_wconf 83' lang='lat' dir='ltr'><strong>post</strong></span> 
     </span>
     <span class='ocr_line' id='line_1_46' title="bbox 184 4502 1476 4571; baseline 0.004 -21"><span class='ocrx_word' id='word_1_494' title='bbox 184 4502 255 4567; x_wconf 76' lang='lat' dir='ltr'><strong>liujus</strong></span> <span class='ocrx_word' id='word_1_495' title='bbox 265 4503 332 4551; x_wconf 88' lang='lat' dir='ltr'><strong>fluidi</strong></span> <span class='ocrx_word' id='word_1_496' title='bbox 349 4507 465 4567; x_wconf 72' lang='lat' dir='ltr'><strong>pervices</strong></span> <span class='ocrx_word' id='word_1_497' title='bbox 481 4506 614 4555; x_wconf 71' lang='lat' dir='ltr'><strong>accelerata·</strong></span> <span class='ocrx_word' id='word_1_498' title='bbox 624 4517 648 4555; x_wconf 88' lang='lat' dir='ltr'><strong>et</strong></span> <span class='ocrx_word' id='word_1_499' title='bbox 658 4506 777 4555; x_wconf 73' lang='lat' dir='ltr'><strong>retmdatte</strong></span> <span class='ocrx_word' id='word_1_500' title='bbox 788 4508 812 4553; x_wconf 90' lang='lat' dir='ltr'><strong>in</strong></span> <span class='ocrx_word' id='word_1_501' title='bbox 846 4508 943 4554; x_wconf 73' lang='lat' dir='ltr'><strong>rolatitm</strong></span> <span class='ocrx_word' id='word_1_502' title='bbox 957 4508 1074 4555; x_wconf 76' lang='lat' dir='ltr'><strong>morimur</strong></span> <span class='ocrx_word' id='word_1_503' title='bbox 1088 4508 1268 4571; x_wconf 83' lang='lat' dir='ltr'><strong>deprehenditur</strong></span> <span class='ocrx_word' id='word_1_504' title='bbox 1279 4510 1364 4556; x_wconf 64' lang='lat' dir='ltr'><strong>utatis</strong></span> <span class='ocrx_word' id='word_1_505' title='bbox 1374 4511 1476 4571; x_wconf 67' lang='lat' dir='ltr'><strong>hyrmin-</strong></span> 
     </span>
     <span class='ocr_line' id='line_1_47' title="bbox 183 4568 1477 4701; baseline 0.005 -20"><span class='ocrx_word' id='word_1_506' title='bbox 183 4568 411 4683; x_wconf 57' lang='lat' dir='ltr'><strong>t&#39;tttittttttf</strong></span> <span class='ocrx_word' id='word_1_507' title='bbox 423 4580 464 4681; x_wconf 76' lang='lat' dir='ltr'><strong>ii&#39;</strong></span> <span class='ocrx_word' id='word_1_508' title='bbox 481 4572 614 4683; x_wconf 50' lang='lat' dir='ltr'><strong>{tutti</strong></span> <span class='ocrx_word' id='word_1_509' title='bbox 620 4570 735 4683; x_wconf 60' lang='lat' dir='ltr'><strong>attii</strong></span> <span class='ocrx_word' id='word_1_510' title='bbox 746 4580 814 4681; x_wconf 61' lang='lat' dir='ltr'><strong>itt</strong></span> <span class='ocrx_word' id='word_1_511' title='bbox 845 4572 1277 4687; x_wconf 59' lang='lat' dir='ltr'><strong>tittttnttttttttt</strong></span> <span class='ocrx_word' id='word_1_512' title='bbox 1287 4574 1477 4701; x_wconf 39' lang='lat' dir='ltr'><strong>iiiiii&amp;</strong></span> 
     </span>
    </p>

    <p class='ocr_par' dir='ltr' id='par_1_7' title="bbox 184 4668 1102 4763">
     <span class='ocr_line' id='line_1_48' title="bbox 400 4668 408 4691; baseline 0 0"><span class='ocrx_word' id='word_1_513' title='bbox 400 4668 408 4691; x_wconf 68' lang='lat'><em>2</em></span> 
     </span>
     <span class='ocr_line' id='line_1_49' title="bbox 184 4696 1102 4763; baseline 0.007 -18"><span class='ocrx_word' id='word_1_514' title='bbox 184 4696 364 4755; x_wconf 74' lang='lat' dir='ltr'><strong>matutini,ctr</strong></span> <span class='ocrx_word' id='word_1_515' title='bbox 441 4698 447 4711; x_wconf 90' lang='lat'>&#39;</span> <span class='ocrx_word' id='word_1_516' title='bbox 488 4698 814 4763; x_wconf 73' lang='lat' dir='ltr'><strong>mdioreaquainrauperficica</strong></span> <span class='ocrx_word' id='word_1_517' title='bbox 845 4700 1102 4751; x_wconf 60' lang='lat' dir='ltr'><strong>mememoratur.</strong></span> 
     </span>
    </p>
   </div>
   <div class='ocr_carea' id='block_1_6' title="bbox 0 0 1669 5517">
    <p class='ocr_par' dir='ltr' id='par_1_8' title="bbox 0 0 1669 5517">
     <span class='ocr_line' id='line_1_50' title="bbox 0 0 1669 5517; baseline 0 0"><span class='ocrx_word' id='word_1_518' title='bbox 0 0 1669 5517; x_wconf 95' lang='lat' dir='ltr'><strong> </strong></span> 
     </span>
    </p>
   </div>
  </div>
 </body>
</html>
