<?xml version="1.0" encoding="UTF-8"?>
<!DOCTYPE html PUBLIC "-//W3C//DTD XHTML 1.0 Transitional//EN"
    "http://www.w3.org/TR/xhtml1/DTD/xhtml1-transitional.dtd">
<html xmlns="http://www.w3.org/1999/xhtml" xml:lang="en" lang="en">
 <head>
  <title>
</title>
<meta http-equiv="Content-Type" content="text/html;charset=utf-8" />
  <meta name='ocr-system' content='tesseract 3.04.00' />
  <meta name='ocr-capabilities' content='ocr_page ocr_carea ocr_par ocr_line ocrx_word'/>
</head>
<body>
  <div class='ocr_page' id='page_1' title='image "./philosophinatur01wriggoog_0046.png"; bbox 0 0 3284 5517; ppageno 0'>
   <div class='ocr_carea' id='block_1_1' title="bbox 788 832 847 893">
    <p class='ocr_par' dir='ltr' id='par_1_1' title="bbox 788 832 847 893">
     <span class='ocr_line' id='line_1_1' title="bbox 788 832 847 893; baseline -0.017 0"><span class='ocrx_word' id='word_1_1' title='bbox 788 832 847 893; x_wconf 86' lang='lat' dir='ltr'><strong>DE</strong></span> 
     </span>
    </p>
   </div>
   <div class='ocr_carea' id='block_1_2' title="bbox 349 1100 1280 1251">
    <p class='ocr_par' dir='ltr' id='par_1_2' title="bbox 349 1100 1280 1251">
     <span class='ocr_line' id='line_1_2' title="bbox 349 1100 1280 1251; baseline -0.011 -46"><span class='ocrx_word' id='word_1_2' title='bbox 349 1104 657 1251; x_wconf 75' lang='lat' dir='ltr'><strong>Monoi</strong></span> <span class='ocrx_word' id='word_1_3' title='bbox 729 1100 1280 1233; x_wconf 77' lang='lat' dir='ltr'><strong>svsvnmrrvn.</strong></span> 
     </span>
    </p>
   </div>
   <div class='ocr_carea' id='block_1_3' title="bbox 570 1348 1063 1488">
    <p class='ocr_par' dir='ltr' id='par_1_3' title="bbox 570 1348 1063 1488">
     <span class='ocr_line' id='line_1_3' title="bbox 570 1348 1063 1488; baseline -0.012 -19"><span class='ocrx_word' id='word_1_4' title='bbox 570 1391 757 1469; x_wconf 74' lang='lat' dir='ltr'><strong>aman</strong></span> <span class='ocrx_word' id='word_1_5' title='bbox 795 1348 1063 1488; x_wconf 75' lang='lat' dir='ltr'><strong>suarius</strong></span> 
     </span>
    </p>
   </div>
   <div class='ocr_carea' id='block_1_4' title="bbox 732 1674 896 1712">
    <p class='ocr_par' dir='ltr' id='par_1_4' title="bbox 732 1674 896 1712">
     <span class='ocr_line' id='line_1_4' title="bbox 732 1674 896 1712; baseline -0.006 -15"><span class='ocrx_word' id='word_1_6' title='bbox 732 1674 896 1712; x_wconf 57' lang='lat' dir='ltr'><strong>um</strong></span> 
     </span>
    </p>
   </div>
   <div class='ocr_carea' id='block_1_5' title="bbox 163 1892 1483 4060">
    <p class='ocr_par' dir='ltr' id='par_1_5' title="bbox 163 1892 1483 4060">
     <span class='ocr_line' id='line_1_5' title="bbox 174 1892 1454 2017; baseline 0 -26"><span class='ocrx_word' id='word_1_7' title='bbox 174 1892 226 1991; x_wconf 76' lang='lat' dir='ltr'><strong>[v</strong></span> <span class='ocrx_word' id='word_1_8' title='bbox 256 1924 361 1991; x_wconf 84' lang='lat' dir='ltr'><strong>Lrhris</strong></span> <span class='ocrx_word' id='word_1_9' title='bbox 388 1928 637 2013; x_wconf 82' lang='lat' dir='ltr'><strong>proecedentibus</strong></span> <span class='ocrx_word' id='word_1_10' title='bbox 672 1930 826 2017; x_wconf 86' lang='lat' dir='ltr'><strong>principia</strong></span> <span class='ocrx_word' id='word_1_11' title='bbox 859 1910 1070 2017; x_wconf 64' lang='lat' dir='ltr'><strong>philosophie</strong></span> <span class='ocrx_word' id='word_1_12' title='bbox 1100 1931 1225 2007; x_wconf 84' lang='lat' dir='ltr'><strong>tradidi,</strong></span> <span class='ocrx_word' id='word_1_13' title='bbox 1254 1950 1320 1993; x_wconf 90' lang='lat' dir='ltr'><strong>non</strong></span> <span class='ocrx_word' id='word_1_14' title='bbox 1348 1940 1454 1992; x_wconf 84' lang='lat' dir='ltr'><strong>tamen</strong></span> 
     </span>
     <span class='ocr_line' id='line_1_6' title="bbox 171 2034 1452 2123; baseline -0.002 -25"><span class='ocrx_word' id='word_1_15' title='bbox 171 2034 389 2122; x_wconf 85' lang='lat' dir='ltr'><strong>philosophica</strong></span> <span class='ocrx_word' id='word_1_16' title='bbox 418 2036 473 2100; x_wconf 90' lang='lat' dir='ltr'><strong>sed</strong></span> <span class='ocrx_word' id='word_1_17' title='bbox 501 2036 718 2101; x_wconf 87' lang='lat' dir='ltr'><strong>mathematica</strong></span> <span class='ocrx_word' id='word_1_18' title='bbox 745 2036 876 2115; x_wconf 78' lang='lat' dir='ltr'><strong>tantrlm,</strong></span> <span class='ocrx_word' id='word_1_19' title='bbox 913 2060 954 2103; x_wconf 86' lang='lat' dir='ltr'><strong>ex</strong></span> <span class='ocrx_word' id='word_1_20' title='bbox 982 2038 1096 2123; x_wconf 87' lang='lat' dir='ltr'><strong>quibus</strong></span> <span class='ocrx_word' id='word_1_21' title='bbox 1123 2036 1268 2100; x_wconf 86' lang='lat' dir='ltr'><strong>videlicet</strong></span> <span class='ocrx_word' id='word_1_22' title='bbox 1296 2035 1330 2097; x_wconf 91' lang='lat' dir='ltr'><strong>in</strong></span> <span class='ocrx_word' id='word_1_23' title='bbox 1358 2034 1452 2097; x_wconf 88' lang='lat' dir='ltr'><strong>rebus</strong></span> 
     </span>
     <span class='ocr_line' id='line_1_7' title="bbox 169 2142 1453 2231; baseline -0.001 -25"><span class='ocrx_word' id='word_1_24' title='bbox 169 2143 393 2228; x_wconf 88' lang='lat' dir='ltr'><strong>philosophicis</strong></span> <span class='ocrx_word' id='word_1_25' title='bbox 415 2142 567 2230; x_wconf 85' lang='lat' dir='ltr'><strong>disputari</strong></span> <span class='ocrx_word' id='word_1_26' title='bbox 587 2147 694 2231; x_wconf 83' lang='lat' dir='ltr'><strong>possit.</strong></span> <span class='ocrx_word' id='word_1_27' title='bbox 751 2146 835 2211; x_wconf 87' lang='lat' dir='ltr'><strong>Haec</strong></span> <span class='ocrx_word' id='word_1_28' title='bbox 860 2160 932 2211; x_wconf 88' lang='lat' dir='ltr'><strong>sunt</strong></span> <span class='ocrx_word' id='word_1_29' title='bbox 956 2158 1099 2210; x_wconf 89' lang='lat' dir='ltr'><strong>motuum</strong></span> <span class='ocrx_word' id='word_1_30' title='bbox 1125 2157 1157 2210; x_wconf 91' lang='lat' dir='ltr'><strong>et</strong></span> <span class='ocrx_word' id='word_1_31' title='bbox 1180 2147 1294 2210; x_wconf 88' lang='lat' dir='ltr'><strong>virium</strong></span> <span class='ocrx_word' id='word_1_32' title='bbox 1314 2145 1401 2230; x_wconf 85' lang='lat' dir='ltr'><strong>leges</strong></span> <span class='ocrx_word' id='word_1_33' title='bbox 1421 2155 1453 2205; x_wconf 88' lang='lat' dir='ltr'><strong>et</strong></span> 
     </span>
     <span class='ocr_line' id='line_1_8' title="bbox 170 2247 1452 2337; baseline -0.002 -23"><span class='ocrx_word' id='word_1_34' title='bbox 170 2248 374 2327; x_wconf 89' lang='lat' dir='ltr'><strong>conditiones,</strong></span> <span class='ocrx_word' id='word_1_35' title='bbox 399 2247 470 2336; x_wconf 73' lang='lat' dir='ltr'><strong>quae</strong></span> <span class='ocrx_word' id='word_1_36' title='bbox 489 2250 529 2314; x_wconf 89' lang='lat' dir='ltr'><strong>ad</strong></span> <span class='ocrx_word' id='word_1_37' title='bbox 548 2250 778 2337; x_wconf 80' lang='lat' dir='ltr'><strong>philosophiam</strong></span> <span class='ocrx_word' id='word_1_38' title='bbox 792 2251 929 2317; x_wconf 72' lang='lat' dir='ltr'><strong>maxime</strong></span> <span class='ocrx_word' id='word_1_39' title='bbox 944 2264 1093 2337; x_wconf 87' lang='lat' dir='ltr'><strong>spectant</strong></span> <span class='ocrx_word' id='word_1_40' title='bbox 1138 2252 1259 2316; x_wconf 84' lang='lat' dir='ltr'><strong>Eadem</strong></span> <span class='ocrx_word' id='word_1_41' title='bbox 1273 2262 1388 2325; x_wconf 82' lang='lat' dir='ltr'><strong>tamen,</strong></span> <span class='ocrx_word' id='word_1_42' title='bbox 1411 2270 1452 2311; x_wconf 91' lang='lat' dir='ltr'><strong>ne</strong></span> 
     </span>
     <span class='ocr_line' id='line_1_9' title="bbox 170 2358 1452 2447; baseline 0.001 -26"><span class='ocrx_word' id='word_1_43' title='bbox 170 2358 287 2422; x_wconf 84' lang='lat' dir='ltr'><strong>sterilia</strong></span> <span class='ocrx_word' id='word_1_44' title='bbox 306 2358 479 2436; x_wconf 84' lang='lat' dir='ltr'><strong>videantur,</strong></span> <span class='ocrx_word' id='word_1_45' title='bbox 500 2359 654 2425; x_wconf 79' lang='lat' dir='ltr'><strong>illustravi</strong></span> <span class='ocrx_word' id='word_1_46' title='bbox 675 2360 799 2426; x_wconf 89' lang='lat' dir='ltr'><strong>scholiis</strong></span> <span class='ocrx_word' id='word_1_47' title='bbox 815 2360 1001 2447; x_wconf 83' lang='lat' dir='ltr'><strong>quibusdam</strong></span> <span class='ocrx_word' id='word_1_48' title='bbox 1015 2362 1248 2446; x_wconf 84' lang='lat' dir='ltr'><strong>philosophicis,</strong></span> <span class='ocrx_word' id='word_1_49' title='bbox 1264 2382 1302 2425; x_wconf 84' lang='lat' dir='ltr'><strong>ea</strong></span> <span class='ocrx_word' id='word_1_50' title='bbox 1315 2371 1452 2424; x_wconf 83' lang='lat' dir='ltr'><strong>tractans</strong></span> 
     </span>
     <span class='ocr_line' id='line_1_10' title="bbox 170 2464 1452 2553; baseline 0 -26"><span class='ocrx_word' id='word_1_51' title='bbox 170 2486 242 2551; x_wconf 82' lang='lat' dir='ltr'><strong>qnoe</strong></span> <span class='ocrx_word' id='word_1_52' title='bbox 262 2464 419 2551; x_wconf 82' lang='lat' dir='ltr'><strong>generalia</strong></span> <span class='ocrx_word' id='word_1_53' title='bbox 434 2478 514 2543; x_wconf 89' lang='lat' dir='ltr'><strong>sunt,</strong></span> <span class='ocrx_word' id='word_1_54' title='bbox 532 2478 564 2530; x_wconf 90' lang='lat' dir='ltr'><strong>et</strong></span> <span class='ocrx_word' id='word_1_55' title='bbox 577 2468 609 2530; x_wconf 91' lang='lat' dir='ltr'><strong>in</strong></span> <span class='ocrx_word' id='word_1_56' title='bbox 625 2468 736 2553; x_wconf 90' lang='lat' dir='ltr'><strong>quibus</strong></span> <span class='ocrx_word' id='word_1_57' title='bbox 751 2466 950 2553; x_wconf 83' lang='lat' dir='ltr'><strong>philosophia</strong></span> <span class='ocrx_word' id='word_1_58' title='bbox 963 2465 1100 2531; x_wconf 69' lang='lat' dir='ltr'><strong>maxime</strong></span> <span class='ocrx_word' id='word_1_59' title='bbox 1114 2467 1239 2531; x_wconf 86' lang='lat' dir='ltr'><strong>lirndnri</strong></span> <span class='ocrx_word' id='word_1_60' title='bbox 1252 2466 1384 2541; x_wconf 65' lang='lat' dir='ltr'><strong>videtin,</strong></span> <span class='ocrx_word' id='word_1_61' title='bbox 1405 2464 1452 2528; x_wconf 88' lang='lat' dir='ltr'><strong>uti</strong></span> 
     </span>
     <span class='ocr_line' id='line_1_11' title="bbox 169 2572 1483 2662; baseline 0 -25"><span class='ocrx_word' id='word_1_62' title='bbox 169 2594 337 2657; x_wconf 87' lang='lat' dir='ltr'><strong>corporum</strong></span> <span class='ocrx_word' id='word_1_63' title='bbox 351 2572 535 2638; x_wconf 84' lang='lat' dir='ltr'><strong>densitatem</strong></span> <span class='ocrx_word' id='word_1_64' title='bbox 550 2587 582 2639; x_wconf 92' lang='lat' dir='ltr'><strong>et</strong></span> <span class='ocrx_word' id='word_1_65' title='bbox 596 2577 811 2655; x_wconf 77' lang='lat' dir='ltr'><strong>resistentiam,</strong></span> <span class='ocrx_word' id='word_1_66' title='bbox 836 2578 936 2662; x_wconf 83' lang='lat' dir='ltr'><strong>spatia</strong></span> <span class='ocrx_word' id='word_1_67' title='bbox 949 2578 1132 2661; x_wconf 87' lang='lat' dir='ltr'><strong>corporibus</strong></span> <span class='ocrx_word' id='word_1_68' title='bbox 1145 2600 1252 2654; x_wconf 83' lang='lat' dir='ltr'><strong>vacua,</strong></span> <span class='ocrx_word' id='word_1_69' title='bbox 1268 2589 1451 2660; x_wconf 83' lang='lat' dir='ltr'><strong>motumque</strong></span> <span class='ocrx_word' id='word_1_70' title='bbox 1480 2604 1483 2616; x_wconf 83' lang='lat'><em>=</em></span> 
     </span>
     <span class='ocr_line' id='line_1_12' title="bbox 167 2682 1451 2769; baseline 0 -24"><span class='ocrx_word' id='word_1_71' title='bbox 167 2682 247 2746; x_wconf 89' lang='lat' dir='ltr'><strong>lucis</strong></span> <span class='ocrx_word' id='word_1_72' title='bbox 270 2693 302 2746; x_wconf 89' lang='lat' dir='ltr'><strong>et</strong></span> <span class='ocrx_word' id='word_1_73' title='bbox 323 2704 480 2747; x_wconf 90' lang='lat' dir='ltr'><strong>sonorum.</strong></span> <span class='ocrx_word' id='word_1_74' title='bbox 527 2685 676 2769; x_wconf 84' lang='lat' dir='ltr'><strong>Superest</strong></span> <span class='ocrx_word' id='word_1_75' title='bbox 695 2698 732 2750; x_wconf 90' lang='lat' dir='ltr'><strong>ut</strong></span> <span class='ocrx_word' id='word_1_76' title='bbox 753 2708 794 2749; x_wconf 85' lang='lat' dir='ltr'><strong>cx</strong></span> <span class='ocrx_word' id='word_1_77' title='bbox 812 2685 922 2749; x_wconf 88' lang='lat' dir='ltr'><strong>iisdem</strong></span> <span class='ocrx_word' id='word_1_78' title='bbox 941 2685 1103 2769; x_wconf 86' lang='lat' dir='ltr'><strong>principiis</strong></span> <span class='ocrx_word' id='word_1_79' title='bbox 1117 2685 1285 2749; x_wconf 82' lang='lat' dir='ltr'><strong>doceamus</strong></span> <span class='ocrx_word' id='word_1_80' title='bbox 1301 2684 1451 2747; x_wconf 90' lang='lat' dir='ltr'><strong>constitu·</strong></span> 
     </span>
     <span class='ocr_line' id='line_1_13' title="bbox 168 2788 1450 2878; baseline 0.003 -28"><span class='ocrx_word' id='word_1_81' title='bbox 168 2788 286 2851; x_wconf 87' lang='lat' dir='ltr'><strong>tionem</strong></span> <span class='ocrx_word' id='word_1_82' title='bbox 306 2789 479 2873; x_wconf 82' lang='lat' dir='ltr'><strong>systematis</strong></span> <span class='ocrx_word' id='word_1_83' title='bbox 500 2791 659 2855; x_wconf 80' lang='lat' dir='ltr'><strong>mundani.</strong></span> <span class='ocrx_word' id='word_1_84' title='bbox 704 2792 757 2857; x_wconf 85' lang='lat' dir='ltr'><strong>De</strong></span> <span class='ocrx_word' id='word_1_85' title='bbox 782 2792 844 2856; x_wconf 89' lang='lat' dir='ltr'><strong>hoc</strong></span> <span class='ocrx_word' id='word_1_86' title='bbox 868 2806 1054 2878; x_wconf 81' lang='lat' dir='ltr'><strong>argumento</strong></span> <span class='ocrx_word' id='word_1_87' title='bbox 1076 2812 1311 2877; x_wconf 78' lang='lat' dir='ltr'><strong>composueram</strong></span> <span class='ocrx_word' id='word_1_88' title='bbox 1334 2791 1450 2855; x_wconf 90' lang='lat' dir='ltr'><strong>librum</strong></span> 
     </span>
     <span class='ocr_line' id='line_1_14' title="bbox 167 2898 1451 2987; baseline 0.003 -28"><span class='ocrx_word' id='word_1_89' title='bbox 167 2898 294 2961; x_wconf 87' lang='lat' dir='ltr'><strong>tertium</strong></span> <span class='ocrx_word' id='word_1_90' title='bbox 309 2898 459 2972; x_wconf 82' lang='lat' dir='ltr'><strong>methodo</strong></span> <span class='ocrx_word' id='word_1_91' title='bbox 471 2900 626 2983; x_wconf 84' lang='lat' dir='ltr'><strong>populari,</strong></span> <span class='ocrx_word' id='word_1_92' title='bbox 642 2910 678 2973; x_wconf 86' lang='lat' dir='ltr'><strong>ut</strong></span> <span class='ocrx_word' id='word_1_93' title='bbox 692 2922 711 2964; x_wconf 89' lang='lat' dir='ltr'><strong>a</strong></span> <span class='ocrx_word' id='word_1_94' title='bbox 723 2901 867 2984; x_wconf 86' lang='lat' dir='ltr'><strong>pluribus</strong></span> <span class='ocrx_word' id='word_1_95' title='bbox 881 2900 1045 2987; x_wconf 77' lang='lat' dir='ltr'><strong>legeremr.</strong></span> <span class='ocrx_word' id='word_1_96' title='bbox 1093 2900 1155 2965; x_wconf 82' lang='lat' dir='ltr'><strong>Sed</strong></span> <span class='ocrx_word' id='word_1_97' title='bbox 1169 2900 1283 2985; x_wconf 87' lang='lat' dir='ltr'><strong>quibus</strong></span> <span class='ocrx_word' id='word_1_98' title='bbox 1296 2899 1451 2983; x_wconf 86' lang='lat' dir='ltr'><strong>principia</strong></span> 
     </span>
     <span class='ocr_line' id='line_1_15' title="bbox 167 3002 1449 3092; baseline 0.003 -28"><span class='ocrx_word' id='word_1_99' title='bbox 167 3002 270 3089; x_wconf 80' lang='lat' dir='ltr'><strong>posita</strong></span> <span class='ocrx_word' id='word_1_100' title='bbox 291 3004 365 3081; x_wconf 79' lang='lat' dir='ltr'><strong>satis</strong></span> <span class='ocrx_word' id='word_1_101' title='bbox 385 3002 540 3068; x_wconf 86' lang='lat' dir='ltr'><strong>intellecta</strong></span> <span class='ocrx_word' id='word_1_102' title='bbox 560 3026 624 3067; x_wconf 90' lang='lat' dir='ltr'><strong>non</strong></span> <span class='ocrx_word' id='word_1_103' title='bbox 644 3004 769 3083; x_wconf 76' lang='lat' dir='ltr'><strong>fuerint,</strong></span> <span class='ocrx_word' id='word_1_104' title='bbox 786 3007 808 3069; x_wconf 92' lang='lat' dir='ltr'><strong>ii</strong></span> <span class='ocrx_word' id='word_1_105' title='bbox 823 3007 887 3069; x_wconf 87' lang='lat' dir='ltr'><strong>vim</strong></span> <span class='ocrx_word' id='word_1_106' title='bbox 902 3006 1193 3092; x_wconf 81' lang='lat' dir='ltr'><strong>consequentiarum</strong></span> <span class='ocrx_word' id='word_1_107' title='bbox 1207 3005 1335 3069; x_wconf 70' lang='lat' dir='ltr'><strong>minime</strong></span> <span class='ocrx_word' id='word_1_108' title='bbox 1348 3006 1449 3090; x_wconf 90' lang='lat' dir='ltr'><strong>perci-</strong></span> 
     </span>
     <span class='ocr_line' id='line_1_16' title="bbox 165 3110 1448 3205; baseline 0.002 -32"><span class='ocrx_word' id='word_1_109' title='bbox 165 3110 263 3195; x_wconf 88' lang='lat' dir='ltr'><strong>pient,</strong></span> <span class='ocrx_word' id='word_1_110' title='bbox 285 3134 386 3198; x_wconf 91' lang='lat' dir='ltr'><strong>neque</strong></span> <span class='ocrx_word' id='word_1_111' title='bbox 407 3110 590 3198; x_wconf 77' lang='lat' dir='ltr'><strong>praejudicia</strong></span> <span class='ocrx_word' id='word_1_112' title='bbox 612 3113 790 3205; x_wconf 76' lang='lat' dir='ltr'><strong>deponent,-</strong></span> <span class='ocrx_word' id='word_1_113' title='bbox 804 3114 958 3199; x_wconf 83' lang='lat' dir='ltr'><strong>qrribos&#39;a</strong></span> <span class='ocrx_word' id='word_1_114' title='bbox 976 3112 1082 3175; x_wconf 88' lang='lat' dir='ltr'><strong>multis</strong></span> <span class='ocrx_word' id='word_1_115' title='bbox 1096 3124 1181 3175; x_wconf 90' lang='lat' dir='ltr'><strong>retro</strong></span> <span class='ocrx_word' id='word_1_116' title='bbox 1202 3113 1293 3175; x_wconf 87' lang='lat' dir='ltr'><strong>annis</strong></span> <span class='ocrx_word' id='word_1_117' title='bbox 1307 3111 1448 3175; x_wconf 82' lang='lat' dir='ltr'><strong>insueve-</strong></span> 
     </span>
     <span class='ocr_line' id='line_1_17' title="bbox 166 3221 1448 3305; baseline 0.002 -24"><span class='ocrx_word' id='word_1_118' title='bbox 166 3230 259 3282; x_wconf 89' lang='lat' dir='ltr'><strong>runt:</strong></span> <span class='ocrx_word' id='word_1_119' title='bbox 284 3231 315 3283; x_wconf 90' lang='lat' dir='ltr'><strong>et</strong></span> <span class='ocrx_word' id='word_1_120' title='bbox 335 3228 501 3304; x_wconf 82' lang='lat' dir='ltr'><strong>propterea</strong></span> <span class='ocrx_word' id='word_1_121' title='bbox 521 3242 561 3285; x_wconf 87' lang='lat' dir='ltr'><strong>ne</strong></span> <span class='ocrx_word' id='word_1_122' title='bbox 583 3244 633 3285; x_wconf 90' lang='lat' dir='ltr'><strong>res</strong></span> <span class='ocrx_word' id='word_1_123' title='bbox 653 3222 687 3284; x_wconf 92' lang='lat' dir='ltr'><strong>in</strong></span> <span class='ocrx_word' id='word_1_124' title='bbox 701 3222 926 3305; x_wconf 73' lang='lat' dir='ltr'><strong>disputationes</strong></span> <span class='ocrx_word' id='word_1_125' title='bbox 940 3221 1091 3297; x_wconf 69' lang='lat' dir='ltr'><strong>trahatur,</strong></span> <span class='ocrx_word' id='word_1_126' title='bbox 1108 3241 1261 3285; x_wconf 82' lang='lat' dir='ltr'><strong>summanr</strong></span> <span class='ocrx_word' id='word_1_127' title='bbox 1275 3221 1349 3285; x_wconf 91' lang='lat' dir='ltr'><strong>libri</strong></span> <span class='ocrx_word' id='word_1_128' title='bbox 1363 3222 1448 3285; x_wconf 87' lang='lat' dir='ltr'><strong>illius</strong></span> 
     </span>
     <span class='ocr_line' id='line_1_18' title="bbox 165 3325 1449 3414; baseline 0.002 -26"><span class='ocrx_word' id='word_1_129' title='bbox 165 3326 309 3389; x_wconf 85' lang='lat' dir='ltr'><strong>transtuli</strong></span> <span class='ocrx_word' id='word_1_130' title='bbox 330 3325 364 3389; x_wconf 93' lang='lat' dir='ltr'><strong>in</strong></span> <span class='ocrx_word' id='word_1_131' title='bbox 384 3327 621 3411; x_wconf 88' lang='lat' dir='ltr'><strong>propositiones,</strong></span> <span class='ocrx_word' id='word_1_132' title='bbox 643 3348 731 3391; x_wconf 87' lang='lat' dir='ltr'><strong>more</strong></span> <span class='ocrx_word' id='word_1_133' title='bbox 745 3326 974 3405; x_wconf 84' lang='lat' dir='ltr'><strong>mathematico,</strong></span> <span class='ocrx_word' id='word_1_134' title='bbox 990 3338 1026 3390; x_wconf 92' lang='lat' dir='ltr'><strong>ut</strong></span> <span class='ocrx_word' id='word_1_135' title='bbox 1039 3327 1081 3389; x_wconf 80' lang='lat' dir='ltr'><strong>ab</strong></span> <span class='ocrx_word' id='word_1_136' title='bbox 1094 3326 1133 3389; x_wconf 91' lang='lat' dir='ltr'><strong>iis</strong></span> <span class='ocrx_word' id='word_1_137' title='bbox 1147 3327 1222 3391; x_wconf 86' lang='lat' dir='ltr'><strong>solis</strong></span> <span class='ocrx_word' id='word_1_138' title='bbox 1236 3328 1382 3414; x_wconf 84' lang='lat' dir='ltr'><strong>legantur</strong></span> <span class='ocrx_word' id='word_1_139' title='bbox 1394 3328 1449 3414; x_wconf 89' lang='lat' dir='ltr'><strong>qui</strong></span> 
     </span>
     <span class='ocr_line' id='line_1_19' title="bbox 164 3432 1445 3520; baseline 0.005 -27"><span class='ocrx_word' id='word_1_140' title='bbox 164 3432 318 3517; x_wconf 89' lang='lat' dir='ltr'><strong>principia</strong></span> <span class='ocrx_word' id='word_1_141' title='bbox 330 3432 419 3516; x_wconf 90' lang='lat' dir='ltr'><strong>prius</strong></span> <span class='ocrx_word' id='word_1_142' title='bbox 434 3432 611 3496; x_wconf 85' lang='lat' dir='ltr'><strong>evolverint.</strong></span> <span class='ocrx_word' id='word_1_143' title='bbox 650 3433 874 3496; x_wconf 75' lang='lat' dir='ltr'><strong>Verumtamen</strong></span> <span class='ocrx_word' id='word_1_144' title='bbox 889 3434 1036 3518; x_wconf 84' lang='lat' dir='ltr'><strong>quoniam</strong></span> <span class='ocrx_word' id='word_1_145' title='bbox 1049 3433 1279 3520; x_wconf 87' lang='lat' dir='ltr'><strong>propositiones</strong></span> <span class='ocrx_word' id='word_1_146' title='bbox 1292 3434 1337 3497; x_wconf 89' lang='lat' dir='ltr'><strong>ibi</strong></span> <span class='ocrx_word' id='word_1_147' title='bbox 1352 3457 1445 3520; x_wconf 85' lang='lat' dir='ltr'><strong>quam</strong></span> 
     </span>
     <span class='ocr_line' id='line_1_20' title="bbox 165 3524 1445 3629; baseline 0.002 -25"><span class='ocrx_word' id='word_1_148' title='bbox 165 3524 310 3626; x_wconf 83' lang='lat' dir='ltr'><strong>plurimae</strong></span> <span class='ocrx_word' id='word_1_149' title='bbox 335 3538 508 3620; x_wconf 87' lang='lat' dir='ltr'><strong>occurrant,</strong></span> <span class='ocrx_word' id='word_1_150' title='bbox 536 3565 606 3629; x_wconf 83' lang='lat' dir='ltr'><strong>quoe</strong></span> <span class='ocrx_word' id='word_1_151' title='bbox 631 3540 798 3605; x_wconf 90' lang='lat' dir='ltr'><strong>lectoribus</strong></span> <span class='ocrx_word' id='word_1_152' title='bbox 829 3542 922 3606; x_wconf 88' lang='lat' dir='ltr'><strong>etiarn</strong></span> <span class='ocrx_word' id='word_1_153' title='bbox 949 3539 1168 3605; x_wconf 73' lang='lat' dir='ltr'><strong>mathematice</strong></span> <span class='ocrx_word' id='word_1_154' title='bbox 1193 3541 1294 3606; x_wconf 88' lang='lat' dir='ltr'><strong>doctis</strong></span> <span class='ocrx_word' id='word_1_155' title='bbox 1323 3564 1445 3606; x_wconf 85' lang='lat' dir='ltr'><strong>moram</strong></span> 
     </span>
     <span class='ocr_line' id='line_1_21' title="bbox 166 3649 1445 3736; baseline 0.002 -24"><span class='ocrx_word' id='word_1_156' title='bbox 166 3649 294 3713; x_wconf 85' lang='lat' dir='ltr'><strong>nimiam</strong></span> <span class='ocrx_word' id='word_1_157' title='bbox 309 3650 432 3733; x_wconf 87' lang='lat' dir='ltr'><strong>injicere</strong></span> <span class='ocrx_word' id='word_1_158' title='bbox 447 3650 576 3734; x_wconf 76' lang='lat' dir='ltr'><strong>possint,</strong></span> <span class='ocrx_word' id='word_1_159' title='bbox 592 3662 701 3714; x_wconf 89' lang='lat' dir='ltr'><strong>auctor</strong></span> <span class='ocrx_word' id='word_1_160' title='bbox 716 3649 870 3714; x_wconf 74' lang='lat' dir='ltr'><strong>esse&#39;nolo</strong></span> <span class='ocrx_word' id='word_1_161' title='bbox 886 3662 921 3714; x_wconf 89' lang='lat' dir='ltr'><strong>ut</strong></span> <span class='ocrx_word' id='word_1_162' title='bbox 935 3650 1098 3736; x_wconf 88' lang='lat' dir='ltr'><strong>quisquam</strong></span> <span class='ocrx_word' id='word_1_163' title='bbox 1112 3672 1164 3714; x_wconf 90' lang='lat' dir='ltr'><strong>eas</strong></span> <span class='ocrx_word' id='word_1_164' title='bbox 1178 3673 1289 3715; x_wconf 88' lang='lat' dir='ltr'><strong>ornnes</strong></span> <span class='ocrx_word' id='word_1_165' title='bbox 1304 3652 1445 3728; x_wconf 84' lang='lat' dir='ltr'><strong>evolvat3</strong></span> 
     </span>
     <span class='ocr_line' id='line_1_22' title="bbox 167 3756 1447 3845; baseline 0.004 -26"><span class='ocrx_word' id='word_1_166' title='bbox 167 3756 322 3820; x_wconf 83' lang='lat' dir='ltr'><strong>suffecerit</strong></span> <span class='ocrx_word' id='word_1_167' title='bbox 344 3757 438 3843; x_wconf 91' lang='lat' dir='ltr'><strong>siquis</strong></span> <span class='ocrx_word' id='word_1_168' title='bbox 464 3757 669 3836; x_wconf 82' lang='lat' dir='ltr'><strong>definitiones,</strong></span> <span class='ocrx_word' id='word_1_169' title='bbox 697 3758 782 3845; x_wconf 81' lang='lat' dir='ltr'><strong>leges</strong></span> <span class='ocrx_word' id='word_1_170' title='bbox 796 3771 937 3824; x_wconf 89' lang='lat' dir='ltr'><strong>motuum</strong></span> <span class='ocrx_word' id='word_1_171' title='bbox 952 3770 984 3823; x_wconf 95' lang='lat' dir='ltr'><strong>et</strong></span> <span class='ocrx_word' id='word_1_172' title='bbox 997 3760 1148 3824; x_wconf 85' lang='lat' dir='ltr'><strong>sectiones</strong></span> <span class='ocrx_word' id='word_1_173' title='bbox 1162 3772 1226 3825; x_wconf 89' lang='lat' dir='ltr'><strong>tres</strong></span> <span class='ocrx_word' id='word_1_174' title='bbox 1240 3762 1361 3845; x_wconf 78' lang='lat' dir='ltr'><strong>priores</strong></span> <span class='ocrx_word' id='word_1_175' title='bbox 1375 3761 1447 3825; x_wconf 86' lang='lat' dir='ltr'><strong>libri</strong></span> 
     </span>
     <span class='ocr_line' id='line_1_23' title="bbox 163 3865 1478 3954; baseline 0.005 -26"><span class='ocrx_word' id='word_1_176' title='bbox 163 3866 258 3950; x_wconf 88' lang='lat' dir='ltr'><strong>primi</strong></span> <span class='ocrx_word' id='word_1_177' title='bbox 278 3866 388 3929; x_wconf 83' lang='lat' dir='ltr'><strong>sedulo</strong></span> <span class='ocrx_word' id='word_1_178' title='bbox 401 3865 494 3953; x_wconf 75' lang='lat' dir='ltr'><strong>legat,</strong></span> <span class='ocrx_word' id='word_1_179' title='bbox 515 3866 588 3930; x_wconf 92' lang='lat' dir='ltr'><strong>dein</strong></span> <span class='ocrx_word' id='word_1_180' title='bbox 602 3878 740 3931; x_wconf 86' lang='lat' dir='ltr'><strong>transeat</strong></span> <span class='ocrx_word' id='word_1_181' title='bbox 753 3866 794 3930; x_wconf 84' lang='lat' dir='ltr'><strong>sd</strong></span> <span class='ocrx_word' id='word_1_182' title='bbox 808 3867 894 3931; x_wconf 89' lang='lat' dir='ltr'><strong>hunc</strong></span> <span class='ocrx_word' id='word_1_183' title='bbox 908 3868 1022 3931; x_wconf 91' lang='lat' dir='ltr'><strong>librum</strong></span> <span class='ocrx_word' id='word_1_184' title='bbox 1037 3868 1077 3931; x_wconf 87' lang='lat' dir='ltr'><strong>de</strong></span> <span class='ocrx_word' id='word_1_185' title='bbox 1092 3868 1203 3932; x_wconf 90' lang='lat' dir='ltr'><strong>mundi</strong></span> <span class='ocrx_word' id='word_1_186' title='bbox 1217 3881 1392 3954; x_wconf 81' lang='lat' dir='ltr'><strong>systemate,</strong></span> <span class='ocrx_word' id='word_1_187' title='bbox 1416 3880 1449 3934; x_wconf 90' lang='lat' dir='ltr'><strong>et</strong></span> <span class='ocrx_word' id='word_1_188' title='bbox 1475 3884 1478 3889; x_wconf 83' lang='grc'><strong>’</strong></span> 
     </span>
     <span class='ocr_line' id='line_1_24' title="bbox 164 3972 1444 4060; baseline 0.002 -24"><span class='ocrx_word' id='word_1_189' title='bbox 164 3972 296 4059; x_wconf 85' lang='lat' dir='ltr'><strong>reliquas</strong></span> <span class='ocrx_word' id='word_1_190' title='bbox 311 3972 462 4037; x_wconf 89' lang='lat' dir='ltr'><strong>librorum</strong></span> <span class='ocrx_word' id='word_1_191' title='bbox 475 3972 616 4059; x_wconf 89' lang='lat' dir='ltr'><strong>priorum</strong></span> <span class='ocrx_word' id='word_1_192' title='bbox 629 3973 859 4057; x_wconf 87' lang='lat' dir='ltr'><strong>propositiones</strong></span> <span class='ocrx_word' id='word_1_193' title='bbox 873 3973 927 4039; x_wconf 91' lang='lat' dir='ltr'><strong>hic</strong></span> <span class='ocrx_word' id='word_1_194' title='bbox 942 3974 1052 4039; x_wconf 86' lang='lat' dir='ltr'><strong>citatas</strong></span> <span class='ocrx_word' id='word_1_195' title='bbox 1067 3995 1127 4060; x_wconf 91' lang='lat' dir='ltr'><strong>pro</strong></span> <span class='ocrx_word' id='word_1_196' title='bbox 1140 3974 1241 4041; x_wconf 89' lang='lat' dir='ltr'><strong>lubitu</strong></span> <span class='ocrx_word' id='word_1_197' title='bbox 1255 3974 1404 4047; x_wconf 86' lang='lat' dir='ltr'><strong>consulat,</strong></span> <span class='ocrx_word' id='word_1_198' title='bbox 1442 3973 1444 3976; x_wconf 72' lang='grc'><strong>’</strong></span> 
     </span>
    </p>
   </div>
   <div class='ocr_carea' id='block_1_6' title="bbox 0 0 1646 5517">
    <p class='ocr_par' dir='ltr' id='par_1_6' title="bbox 0 0 1646 5517">
     <span class='ocr_line' id='line_1_25' title="bbox 0 0 1646 5517; baseline 0 6"><span class='ocrx_word' id='word_1_199' title='bbox 0 0 1646 5517; x_wconf 95' lang='lat' dir='ltr'><strong> </strong></span> 
     </span>
    </p>
   </div>
  </div>
 </body>
</html>
