3284 5517
149 369 455 451 Lrnan'l'rnrroe]
497 362 741 435 PRINCIPIA
764 363 1134 436 MATHEMATICA.
1380 368 1422 425 45
1490 465 1493 472 Ι

146 542 185 627 (“)
200 542 281 607 Aliis
298 541 332 605 in
354 542 477 607 casibus
491 540 638 607 distabtia
652 516 831 606 centrorurn
846 560 970 623 semper
982 538 1086 601 minor
1099 547 1157 601 est.
1202 532 1246 599 Et
1257 543 1426 618 propterea

143 646 219 714 edm
244 661 384 715 centrum
408 650 486 714 illud
510 650 668 738 gravitatis
690 646 845 735 perpetuo
869 644 1009 733 quiescit,
1040 643 1096 709 Sol
1119 662 1180 727 pro
1204 642 1291 705 vario
1314 638 1424 723 plane-

143 772 248 823 tarum
269 759 330 823 situ
351 759 384 823 in
405 782 514 823 omnes
535 772 639 844 partes
658 759 844 836 movebitur,
860 758 916 822 sod
929 780 950 821 a
963 767 1072 821 centm
1086 754 1142 819 tlto
1156 772 1316 839 nunquam
1330 748 1424 836 longe

142 866 278 937 recedet.

44 952 54 974 ’
189 976 288 1039 curor.
313 971 402 1038 Hinc
422 994 587 1039 commune
600 972 760 1062 gravitatis
775 982 918 1039 connum
939 972 1062 1047 Terroe,
1086 969 1168 1035 Solis
1182 979 1214 1032 et
1226 968 1423 1052 planetarum

144 1083 286 1146 cranium
304 1104 367 1167 pro
379 1096 488 1151 canno
501 1084 610 1148 mundi
624 1082 803 1149 babendum
817 1092 874 1145 est.
919 1081 1003 1145 Nam
1016 1078 1089 1144 edm
1103 1079 1214 1154 Terra,
1240 1074 1296 1140 Sol
1308 1085 1342 1138 et
1355 1072 1423 1157 pla·

145 1202 229 1253 netas
249 1210 359 1253 omues
377 1192 533 1275 gravitaret
552 1191 586 1253 in
608 1212 642 1254 se
662 1187 782 1267 mutuo,
804 1200 837 1253 et
855 1198 1032 1272 propterea,
1047 1172 1114 1271 pro
1126 1187 1158 1249 vi
1171 1182 1331 1270 gravimfis
1345 1202 1421 1257 ΜΒ,

143 1296 315 1361 secundum
336 1297 420 1383 leges
441 1298 545 1361 motds
565 1296 718 1381 perpetuo
735 1298 909 1384 agitentur:
930 1296 1132 1381 perspicuum
1146 1306 1194 1359 est
1206 1292 1293 1380 quod
1308 1292 1422 1355 borum

143 1418 251 1469 centra
264 1406 390 1471 mobilia
406 1428 466 1490 pro
480 1406 589 1471 mundi
604 1418 712 1469 centro
726 1406 904 1491 quiescente
917 1403 1207 1489 baberi-nequeunt.
1252 1399 1288 1465 si
1309 1420 1422 1482 corpus

142 1510 222 1575 illud
236 1513 269 1575 in
284 1524 391 1576 centro
405 1512 571 1577 locandum
586 1522 676 1590 esset,
699 1513 732 1575 iu
754 1511 839 1597 quod
854 1534 986 1596 corpora
998 1512 1104 1574 omnia
1117 1506 1253 1573 maxime
1266 1506 1422 1594 gravitant

143 1619 204 1704 (uti
224 1620 310 1707 vulgi
332 1632 378 1684 est
390 1620 510 1704 opinio)
529 1620 728 1706 privilegium
749 1619 834 1683 istud
855 1619 1090 1684 concedendum
1110 1629 1192 1681 esset
1217 1615 1292 1681 solt
1338 1614 1422 1678 cum

141 1741 246 1791 autem
271 1726 325 1793 Sol
346 1740 514 1806 moveatur,
538 1729 716 1815 eligendum
731 1729 790 1793 en't
803 1740 954 1813 punctum
969 1729 1141 1814 quiescens,
1164 1750 1184 1790 a
1202 1748 1267 1812 quo
1279 1736 1422 1788 centrum

37 1884 44 1897 .
143 1834 226 1898 Solis
248 1854 340 1919 quam
361 1832 488 1897 minime
510 1834 650 1912 discedit,
673 1845 744 1899 eta
766 1856 829 1920 qno
849 1835 934 1901 idem
952 1834 1057 1899 adbuc
1069 1834 1172 1898 mmns
1185 1831 1372 1909 discederet,
1395 1831 1421 1895 si

141 1938 240 2003 modb
255 1939 310 2005 Sol
324 1940 450 2005 densior
462 1953 544 2007 esset
558 1952 590 2005 et
602 1942 710 2027 major,
731 1952 767 2005 ut
780 1942 883 2006 miuus
896 1952 1082 2006 moveretur.

356 2212 641 2281 PROPOSITIO
666 2214 766 2279 XIII.
811 2212 1082 2279 THEOREMA
1106 2212 1205 2277 XIII.

1 2423 2 2427 ,
136 2380 281 2442 Planetae
304 2390 457 2465 moventur
481 2383 515 2445 in
540 2382 692 2465 elltpsibus
712 2382 880 2447 umbilicum
904 2382 1079 2446 labentibus
1103 2384 1137 2444 in
1158 2389 1260 2443 cmtro
1278 2380 1366 2455 Solis,
1391 2389 1421 2443 et

181 2489 282 2551 radiis
296 2490 339 2551 ad
352 2498 483 2553 centrum
499 2490 577 2554 illud
590 2492 685 2555 ductis
698 2511 787 2555 areas
797 2492 965 2557 describent
978 2488 1156 2572 tenporibus
1164 2488 1418 2571 proportionales.

183 2700 420 2785 Disputavimus
435 2722 530 2786 supra
544 2700 584 2765 de
599 2700 647 2765 his
661 2687 797 2765 motibus
812 2722 853 2763 ex
866 2696 1090 2784 pbaenomenis.
1122 2696 1194 2761 Jam
1209 2695 1341 2783 cognitis
1351 2716 1419 2758 mo-

137 2816 228 2869 tuum
241 2806 414 2892 principiis,'
424 2830 464 2872 ex
478 2807 527 2871 his
537 2807 709 2894 colligimus
720 2819 822 2870 motus
835 2806 974 2871 coelestes
989 2828 1007 2869 a
1020 2804 1127 2890 priori.
1160 2802 1319 2880 Quoniam
1338 2822 1419 2887 pon*

137 2914 214 2977 dera
224 2914 419 2999 planetarum
428 2916 462 2977 in
474 2914 579 2979 Solem
592 2926 664 2977 sunt
677 2912 838 2997 reciproce
849 2924 886 2975 ut
894 2910 1044 2997 quadrata
1055 2910 1269 2974 distantiarum
1282 2932 1301 2973 a
1312 2922 1419 2973 centro

139 3018 239 3094 Solis;
271 3020 297 3083 si
323 3020 377 3084 Sol
405 3016 576 3107 quiesceret
602 3032 633 3084 et
657 3019 792 3104 planetae
817 3018 929 3103 reliqui
954 3022 1020 3081 non
1043 3030 1172 3105 agerent
1193 3018 1226 3079 in
1247 3038 1280 3079 se
1297 3014 1417 3095 mutui),

136 3124 240 3189 forent
264 3128 355 3191 orbes
381 3148 491 3191 eorum
513 3123 649 3211 elliptici,
675 3127 781 3219 Solem
802 3126 836 3189 in
856 3105 1004 3190 umbilico
1026 3126 1183 3189 communi
1203 3125 1364 3203 habentes,
1387 3137 1419 3189 et

137 3256 219 3299 arear
240 3236 491 3303 describerentur
512 3236 703 3322 temporibus
724 3234 974 3320 proportionales
998 3238 1067 3319 (per
1090 3232 1186 3317 Prop.
1203 3232 1230 3297 Ι.
1253 3244 1285 3297 et
1307 3228 1371 3297 XI.
1387 3246 1419 3296 et

139 3343 246 3407 Corol.
265 3354 292 3409 1.
317 3346 413 3430 Prop.
431 3344 531 3410 XIII.
556 3344 627 3409 Lib.
645 3344 685 3424 I.)
709 3343 847 3407 actiones
869 3354 972 3406 autem
993 3342 1189 3425 planetarum
1208 3342 1243 3405 in
1261 3364 1295 3405 se
1308 3354 1418 3407 mutuo

135 3451 316 3537 perexiguae
338 3464 411 3516 sunt
433 3456 481 3535 (ut
502 3452 624 3536 possint
645 3449 814 3529 contemni)
838 3462 870 3512 et
882 3462 985 3512 motus
999 3450 1196 3532 planetarum
1210 3448 1243 3511 in
1258 3448 1417 3534 ellipsibus

136 3555 223 3619 circa
237 3556 343 3622 Solem
359 3558 506 3621 mobilem
521 3552 625 3619 minda
637 3555 825 3640 perturbant
839 3560 908 3639 (per
923 3554 1020 3640 Prop.
1036 3556 1164 3620 LXVI.-
1179 3556 1251 3621 Lib.
1267 3556 1309 3637 1.)
1324 3557 1417 3644 quam
1518 3551 1520 3554 ’

1 3734 2 3743 ¹
136 3661 164 3727 si
179 3676 282 3726 motus
296 3664 347 3727 isti
362 3664 444 3729 circa
461 3663 567 3729 Solem
582 3660 791 3749 quiescentem
805 3674 1039 3747 peragerentur.

181 3769 275 3832 Actio
290 3768 415 3855 quidem
429 3769 516 3833 lovis
530 3770 564 3831 In
581 3769 751 3833 Saturarum
764 3788 831 3830 non
844 3780 893 3831 est
904 3770 1032 3833 omnino
1051 3770 1287 3835 contemnenda.
1332 3772 1417 3837 Nam

134 3875 272 3963 gravitas
294 3876 327 3941 in
343 3876 455 3940 lovem
469 3886 516 3939 est
530 3874 570 3938 ad
585 3874 769 3963 gravitatem
783 3873 817 3937 in
834 3873 940 3937 Solem
954 3875 1094 3959 (paribus
1109 3876 1276 3958 distantiis)
1291 3878 1330 3962 (⁸)
1345 3891 1381 3943 ut
1398 3887 1412 3942 l

182 4068 207 4131 ²)
220 4074 232 4101 ⁸
245 4070 304 4119 Alr'lr
320 4072 346 4119 ln
361 4072 456 4119 caritate.
469 4114 475 4123 ,
492 4068 516 4119 Si
527 4067 609 4131 nempl
620 4066 650 4117 ad
661 4068 761 4119 diverm
791 4068 829 4117 sui
839 4069 1198 4133 dhmmoaoenboquiercente
1207 4074 1336 4133 systemata
1346 4074 1417 4123 totim

136 4132 170 4180 So
179 4134 198 4180 Is
208 4144 283 4194 partes
294 4134 392 4195 planeta
403 4134 535 4193 caudatam,
545 4144 651 4181 centrum
661 4136 760 4211 pinsita·
792 4133 891 4181 recedet.
928 4134 992 4188 QuIa
1002 4132 1056 4182 rard
1069 4135 1129 4182 Solis
1139 4146 1163 4180 et
1173 4136 1317 4194 planetarum
1328 4138 1416 4199 ponda-

134 4197 166 4244 ris
176 4195 247 4245 ruodo
256 4196 414 4245 versdsunam
426 4208 523 4257 partem,
535 4194 605 4244 modo
615 4210 694 4243 varrus
704 4196 761 4244 alte-
792 4197 857 4245 ribus
869 4202 920 4261 (per
933 4198 986 4244 Cor.
1002 4202 1022 4244 l.
1038 4198 1108 4258 Prcp
1122 4198 1216 4260 VIII.)
1227 4200 1333 4257 mnenon
1350 4202 1416 4249 dato·

133 4274 185 4307 ram
196 4258 284 4319 incidit,
296 4262 352 4309 bine
362 4270 468 4309 centrum
479 4260 596 4325 gravitatis
606 4260 672 4321 quasi
683 4260 761 4307 medIo
791 4275 838 4322 que
855 4262 901 4306 dtu
919 4261 1025 4307 omnium
1044 4260 1074 4309 ad
1087 4262 1194 4319 invicem,
1209 4262 1280 4311 datur
1292 4280 1418 4314 comune

117 4376 119 4381 ,
134 4324 187 4371 loco
198 4324 226 4369 iis
235 4324 326 4373 mribus
334 4326 389 4385 poni
401 4325 477 4382 debet,
495 4324 572 4371 minor
581 4325 659 4385 itaque
669 4322 697 4370 tt
706 4336 761 4371 oen-
792 4322 912 4387 puritatis
927 4334 1035 4371 centrum
1054 4327 1105 4399 (61.
1125 4326 1179 4373 Lib.
1194 4324 1230 4389 I.)
1246 4336 1311 4388 patet
1323 4344 1418 4392 qnoque

133 4397 224 4435 uorum
234 4388 348 4437 distamir.
793 4389 849 4435 dato
864 4388 984 4436 communi
1000 4389 1118 4450 matis
1138 4398 1218 4437 centro
1238 4392 1317 4441 baberi
1338 4394 1418 4441 locum

167 4456 206 4499 tr.
222 4453 340 4506 Quoniam
354 4450 394 4501 Sol
404 4451 546 4512 prodirem
557 4450 702 4511 planetarum
712 4449 759 4497 situ
792 4450 854 4499 boiis
863 4450 893 4499 ad
904 4460 996 4513 tempus
1009 4452 1161 4513 propositam.

131 4514 286 4563 dimrifflodd
303 4518 410 4579 agitatur,
433 4528 500 4563 motu
521 4513 622 4575 quodam
642 4514 760 4562 libratorIo
817 4514 859 4580 Γ)
872 4518 885 4545 ⁸
902 4517 934 4565 llt
946 4518 1001 4565 l‘ad
1013 4520 1073 4565 loct
1085 4516 1154 4582 (Cor.
1167 4522 1191 4565 2.
1204 4517 1276 4581 Prop.
1291 4518 1393 4583 v111.).

132 4576 197 4627 lenti
213 4592 302 4640 semper
319 4578 411 4637 errabit,
428 4592 551 4641 nunquam
568 4586 646 4625 tatnen
667 4574 760 4641 Integrd

168 4660 298 4729 v0a111.
766 4662 786 4710 F
