3284 5517
178 404 316 485 cm.1.]
551 398 616 468 AD
638 398 861 467 TERTIUM
883 398 1083 468 LIBRUM.
1394 392 1450 469 iiii

177 576 235 641 tori
251 575 418 662 paralleloe
429 572 571 641 biisria'm
586 572 736 639 domme
780 572 964 639 Intemectio
984 572 1070 658 plani
1089 562 1254 638 meridiani
1269 594 1341 637 cum
1354 572 1450 657 plano

179 682 344 749 horizontis
363 684 401 751 H
420 682 515 748 Rrel
531 682 554 747 lt
568 705 587 747 r
599 682 713 747 dicitur
730 682 811 747 lineo
828 685 1007 748 meridiana
1053 681 1198 747 Circulus
1215 684 1364 746 verticalis
1379 681 1450 765 pri·

177 790 287 855 nota
307 802 357 857 est
375 788 429 854 ille
448 788 602 854 vernalis
619 788 674 875 qui
688 788 850 874 perpolos
864 782 1026 854 meridiani
1042 790 1164 855 sunsit.
1198 771 1259 853 ‘Sit
1275 789 1301 853 Z
1316 786 1348 851 V
1363 786 1396 851 N
1411 788 1447 851 X

180 896 330 961 verticalis
344 898 509 983 primarius
524 896 716 963 horizontem
732 897 914 963 rationalem
931 898 968 963 H
984 898 1015 962 V
1030 900 1062 963 R
1077 898 1113 963 X
1128 899 1315 963 intersecans
1330 899 1364 961 iu
1378 898 1409 961 V
1420 906 1452 960 et

180 1004 223 1081 X,
250 1026 343 1089 quem
368 1002 556 1068 meridianus
579 1005 673 1068 etiam
698 1016 781 1069 accat
801 1005 835 1067 in
856 1004 895 1069 H
909 1014 940 1068 et
956 1004 997 1067 R.
1043 1004 1165 1069 Puncta
1185 1016 1318 1091 quatuor
1340 1002 1381 1081 R,
1405 1002 1450 1080 Χ,

180 1112 225 1188 Η,
246 1112 286 1189 V,
311 1110 458 1177 dicuntm
480 1114 621 1177 cardines
645 1114 749 1176 mundi
760 1147 773 1186 ,·
803 1126 955 1197 punctum
974 1112 1100 1198 quidem
1124 1114 1157 1179 R
1184 1114 1216 1177 in
1240 1112 1452 1197 hemispherio

179 1216 293 1281 boreali
321 1217 417 1281 cardo
444 1218 663 1301 septentrionis,
696 1218 732 1282 H
762 1217 857 1282 cardo
886 1220 1032 1295 meridiei,
1059 1218 1091 1282 V
1113 1218 1154 1282 ad
1187 1231 1291 1304 partes
1326 1217 1452 1281 orientis

180 1324 272 1388 cardo
285 1324 409 1387 orientis
423 1334 455 1387 et
467 1336 618 1409 puncttun
632 1324 809 1409 oppositum
825 1323 860 1387 X
875 1322 970 1387 cardo
984 1324 1152 1389 occidentis.
1304 1342 1307 1346 ’

52 1490 54 1503 k
222 1442 253 1496 9.
275 1431 435 1495 Distantia
455 1430 624 1497 horizontis
638 1432 814 1518 apparentis
829 1432 871 1495 ab
884 1432 1045 1497 horizonte
1058 1455 1134 1497 vero
1148 1432 1213 1497 sive
1226 1432 1345 1497 telluris
1362 1432 1455 1495 aemi-

180 1539 328 1603 diameter
345 1538 368 1602 S
383 1537 424 1615 T,
447 1538 601 1603 sensibilia
616 1560 680 1603 non
695 1550 751 1616 est,
772 1538 798 1603 si
812 1537 988 1603 conferatur
1002 1560 1074 1603 etun
1089 1538 1247 1603 stellarum
1271 1534 1375 1622 (Luni
1390 1534 1455 1600 lere

52 1696 53 1699 η
182 1646 244 1711 soli
261 1644 404 1729 excepti)
420 1645 583 1723 distantiis,
599 1658 632 1710 et
643 1644 716 1711 ideb
729 1660 813 1711 ten-a
827 1658 972 1731 respectu
990 1646 1122 1731 sphaeroe
1136 1647 1295 1711 stellarum
1308 1658 1456 1733 tanquam

180 1766 340 1839 punctum,
366 1765 398 1819 et
418 1754 547 1841 quilibet
561 1766 653 1819 terroe
667 1754 754 1820 locus
769 1767 917 1841 tanquam
936 1752 1028 1839 hujus
1050 1754 1183 1839 sphaeroe
1197 1768 1339 1821 centrum
1354 1753 1457 1819 consi·

183 1862 286 1927 derari
306 1874 419 1948 potest
464 1860 547 1926 Nam
569 1882 676 1925 omnes
700 1861 765 1925 ferd
787 1862 1048 1927 Asmnomomm
1070 1862 1299 1929 observationes
1323 1862 1358 1928 id
1383 1884 1457 1947 sup·

52 2008 53 2045 r
182 1986 305 2053 ponunt
327 1983 359 2037 et
384 1982 529 2054 computa
556 1968 629 2033 inde
654 1968 731 2035 inita
752 1988 825 2033 cum
849 1970 1064 2054 phoenomenis
1088 1972 1265 2037 coelestibus
1292 1972 1456 2059 quadrant.

52 2078 53 2087 ’
187 2074 286 2141 Porro
306 2076 569 2163 quemadmodum
589 2075 712 2163 singula
733 2087 825 2141 terrae
845 2076 916 2141 loca
935 2098 995 2161 pro
1014 2089 1124 2141 oeutm
1144 2077 1277 2163 sphaerae
1299 2077 1458 2142 stellarum

52 2234 53 2261 2
187 2185 328 2270 usurpari
341 2196 454 2270 potest,
469 2183 514 2247 ita
526 2182 604 2271 fingi
616 2196 720 2273 potest
733 2186 766 2249 in
781 2185 887 2270 spatiis
907 2185 1083 2251 coelestibus
1109 2187 1261 2273 sphoerica
1281 2187 1460 2273 superficies

189 2292 274 2376 cujus
289 2302 374 2355 tanta
388 2293 428 2355 sit
440 2289 592 2355 ¹distractor
604 2300 641 2355 ut
659 2289 742 2357 illins
763 2302 907 2375 respectu
928 2304 1088 2357 evanescat
1109 2292 1190 2358 Solis
1204 2294 1254 2359 vel
1268 2294 1365 2358 stellae
1379 2293 1461 2357 datm

186 2396 340 2463 aTellure
349 2397 504 2475 distantia,
514 2408 547 2462 et
559 2397 652 2483 hujus
660 2398 792 2483 sphaeroe
807 2410 948 2463 centrum
962 2398 1077 2481 poterit
1089 2398 1233 2463 collocari
1251 2398 1461 2463 indifferenter

189 2508 236 2573 vel
250 2507 283 2572 in
297 2511 381 2574 terri
395 2508 445 2573 vel
459 2510 492 2571 in
507 2507 572 2573 sole
586 2518 641 2571 aut
655 2508 688 2571 in
702 2505 803 2592 spatio
816 2506 1009 2571 intermedio.

229 2624 281 2681 10.
305 2616 444 2681 Altitudo
459 2618 529 2699 poli
547 2619 582 2681 P
600 2613 694 2699 κυρτὰ
714 2616 895 2681 horizontem
910 2628 958 2680 eut
976 2616 1139 2681 meridiani
1157 2638 1248 2682 arcus
1265 2618 1293 2683 P
1309 2617 1340 2681 R
1355 2638 1375 2679 a
1387 2615 1463 2701 polo

191 2724 230 2788 ad
250 2725 444 2790 horizontem
463 2725 661 2815 interceptio.
706 2724 755 2789 Ea
768 2744 891 2809 semper
908 2724 1036 2811 aeqnalis
1051 2737 1098 2791 est
1112 2728 1200 2790 arcui
1213 2726 1240 2790 Z
1255 2724 1299 2789 AE
1314 2724 1463 2788 avertice
1588 2773 1592 2783 ,

166 2868 168 2875 >
190 2832 216 2897 Z
230 2828 272 2897 od
285 2844 474 2919 tequatorem
489 2829 533 2899 AE
546 2832 579 2909 Q
593 2832 782 2918 intercept03
806 2832 889 2897 Nam
903 2834 931 2897 si
944 2856 984 2897 ex
999 2833 1106 2897 circuli
1120 2835 1342 2921 quadrantibus
1354 2832 1381 2899 Z
1393 2832 1420 2897 P
1433 2832 1464 2896 R

190 2952 220 3004 et
234 2938 279 3005 AE
295 2940 322 3005 Z
337 2940 366 3006 P
388 2942 578 3007 subducatur
598 2964 688 3005 arcus
710 2942 882 3007 communis
898 2940 924 3005 Z
940 2940 978 3018 P,
1000 2934 1205 3009 remanebunt
1225 2940 1465 3037 arcus'aequales

190 3046 233 3112 AE
256 3046 336 3114 Zet
358 3049 387 3114 P
409 3050 449 3115 R.
494 3050 633 3115 Altitudo
654 3050 815 3135 aequatoris
829 3048 922 3133 soprd
935 3051 1116 3117 horizontem
1131 3062 1178 3115 est
1191 3055 1290 3117 arctis
1302 3046 1466 3114 meridiani

191 3152 235 3219 AE
251 3154 298 3233 H,
320 3156 401 3221 inter
422 3168 611 3243 oequatorem
632 3168 664 3220 et
683 3147 876 3221 horizontem
898 3157 1104 3243 interceptum
1126 3157 1252 3244 oeqralis
1267 3169 1315 3223 est
1328 3155 1467 3243 'comple-

191 3276 297 3329 mento
320 3266 490 3335 altitudinis
514 3266 579 3353 poli
603 3289 657 3331 seu
682 3265 767 3331 arcui
795 3264 820 3329 Z
851 3265 890 3343 P,
917 3264 1012 3352 quod,
1042 3261 1147 3330 ablato
1174 3287 1215 3330 ex
1243 3262 1467 3352 quadrantibus

192 3372 229 3437 H
245 3372 508 3445 AEzetAEZP
523 3374 680 3441 communi
694 3394 769 3440 arcu
784 3370 1144 3441 AEZmanifestumest.
1166 3371 1468 3459 Altitudoapparens

190 3478 297 3545 sideris
318 3480 369 3546 vel
389 3482 498 3567 puncti
520 3477 683 3567 cujuslibet
704 3480 734 3547 L
755 3481 788 3543 in
809 3476 932 3566 sphoerd
953 3479 1121 3559 mundani,
1143 3492 1191 3545 eat
1204 3480 1335 3569 angnrlus
1351 3477 1382 3544 L
1398 3480 1421 3545 S
1435 3501 1466 3557 v,

193 3585 249 3649 sub
272 3608 335 3673 quo
356 3610 397 3651 ex
418 3601 525 3653 centro
549 3584 572 3653 S
592 3584 762 3651 horizontis
784 3582 938 3650 aennbilia
958 3584 1081 3653 videtin
1094 3608 1185 3651 arcus
1200 3586 1264 3651 Lv
1278 3586 1385 3650 circuli
1397 3608 1467 3649 ver-

191 3691 289 3757 ticalis
309 3715 368 3779 per
390 3694 526 3768 Lducti
549 3691 647 3779 usque
669 3692 710 3756 ad
732 3692 931 3761 horizontem·
949 3688 1127 3760 sensibilem
1144 3686 1232 3757 livr
1246 3716 1278 3758 x.
1326 3692 1467 3759 Altitudo

189 3820 262 3863 vem
284 3802 391 3885 puncti
415 3800 444 3865 L
466 3816 514 3867 est
533 3800 665 3891 angulus
687 3800 716 3865 L
738 3798 771 3865 Τ
792 3798 833 3879 V,
856 3822 911 3867 seu
932 3802 1029 3888 ipsius
1049 3819 1195 3868 mensura
1217 3824 1306 3868 arcus
1331 3802 1413 3868 LV
1433 3804 1467 3867 in

194 3904 310 3969 circulo
324 3906 460 3973 verticuli
475 3928 532 3993 per
546 3906 576 3971 L
590 3906 687 3971 ducto
699 3902 798 3993 usquo
812 3900 854 3971 ad
867 3906 1060 3972 horizontem
1074 3907 1256 3973 rationalem
1272 3910 1310 3974 H
1325 3910 1356 3974 V
1372 3909 1404 3974 R
1419 3909 1464 3974 X.

192 4008 286 4079 Unde
312 4014 360 4099 (9)
390 4014 546 4083 stellarum
575 4014 709 4081 fixarum
736 4028 768 4081 et
794 4014 875 4082 Solis
903 4014 1080 4083 altitudines
1109 4030 1293 4103 apparentes
1322 4030 1354 4084 et
1382 4040 1466 4084 verae

193 4118 381 4184 coincidunt.

239 4236 289 4291 11.
311 4226 382 4293 Jam
405 4226 479 4295 verb
508 4228 569 4315 qui
591 4230 711 4296 ratione
731 4232 941 4318 phaenomena
961 4253 1033 4319 qna
1054 4232 1148 4319 supra
1168 4233 1338 4313 retulimus,
1360 4234 1469 4299 etalio

193 4350 263 4419 quae
296 4334 443 4423 deinceps
475 4336 654 4417 referemus,
685 4340 845 4407 observari
864 4342 1033 4430 potueriat,
1063 4344 1170 4429 paucis
1194 4366 1405 4430 exponemus3
1435 4356 1469 4409 et

192 4440 316 4526 quidem
340 4442 380 4507 ab
395 4442 609 4513 observatione
632 4448 803 4515 altitudinis
830 4452 1007 4552 apparentis
1028 4452 1164 4519 siderum
1185 4478 1256 4543 qum
1276 4457 1470 4541 praecipuum

196 4554 290 4621 totius
307 4556 518 4629 Astronomiae
532 4556 767 4628 fundamentum
782 4576 839 4644 eat,
856 4562 978 4629 initium
988 4564 1147 4633 ducemus.
1182 4564 1300 4633 Circuli
1314 4562 1469 4649 quadrans
