3284 5517
178 374 242 433 214
478 368 546 435 DE
567 368 720 437 CAUSA
743 368 949 451 PHYSICA
971 367 1161 442 FLUXUS

165 534 444 621 perpendiculum,
468 534 496 601 P
515 536 798 623 perticuluquaeris
812 538 944 615 Terroe3
966 541 1067 627 sitque
1089 540 1172 607 PM
1192 544 1458 629 perpendicularis

176 646 210 709 in
232 644 361 730 planum
383 644 413 709 B
433 644 465 708 b.
520 646 735 729 Repraesentet
757 645 786 711 L
802 646 834 711 T
854 649 1037 734 gravitatem
1061 650 1172 714 Terrae
1196 652 1384 717 mediocrem
1409 654 1459 719 vel

175 752 338 837 perticulae
351 754 385 816 in
399 764 507 817 centro
521 753 554 817 T
565 754 677 839 poeitae
690 752 799 817 vernis
814 754 948 833 Lunam,
964 772 1103 821 sumatur
1116 758 1190 825 LK
1203 760 1245 825 ad
1259 760 1290 825 L
1305 759 1346 839 T,
1362 772 1398 825 ut
1411 773 1459 826 est

176 858 272 926 LT'
286 857 328 923 ed
343 858 372 923 L
389 857 454 937 1³2,
466 859 586 946 eritque
600 870 685 924 recte
700 860 729 925 L
745 860 778 923 K
792 882 938 925 mensure
950 862 1085 947 graviu·

175 966 215 1029 tis
229 967 392 1049 particulae
404 968 432 1032 P
442 968 475 1030 iu
490 967 625 1033 Lunam.
659 969 802 1033 Ducotur
813 968 845 1032 K
858 968 890 1034 G
905 981 1000 1033 recte
1015 970 1086 1035 ΡΤ

166 1072 331 1154 parellela,
347 1084 551 1160 occurratque
565 1073 595 1138 L
610 1074 642 1138 T
655 1073 828 1157 productae,
844 1074 872 1137 si
885 1096 964 1158 opus
978 1088 1036 1154 est,
1050 1075 1085 1140 in

176 1177 218 1257 G,
234 1189 267 1243 et
280 1180 451 1245 resolvetur
464 1181 513 1245 vis
526 1181 556 1245 L
572 1181 604 1245 K
617 1181 651 1244 in
665 1182 746 1245 vires
763 1180 795 1245 K
811 1181 845 1246 G
858 1193 890 1245 et
904 1182 934 1246 L
949 1183 992 1261 G,
1009 1204 1085 1268 que·

165 1306 243 1349 *rum
261 1286 348 1372 prior
371 1300 460 1375 urget
480 1288 666 1373 particulam
681 1288 709 1352 P
723 1286 831 1352 versds
845 1300 988 1352 centrum
1002 1290 1084 1355 Ter·
1135 1328 1167 1386 K

172 1414 227 1473 res,
252 1406 359 1484 estque
379 1395 450 1461 iere·
462 1396 588 1481 {equalis
607 1396 668 1481 ipsi
689 1396 780 1473 PT;
805 1397 986 1481 posterioris
1010 1418 1089 1482 pars

174 1500 250 1564 TL
275 1502 418 1567 omnibus
443 1503 602 1587 particulis
626 1503 807 1579 communis,
831 1515 863 1567 et
882 1504 941 1567 sibi
960 1526 1083 1590 semper

171 1608 328 1692 parallelis,
344 1622 463 1674 motum
477 1632 567 1697 equae
581 1632 646 1673 non
664 1610 786 1685 turbut3
807 1609 906 1674 ultera
919 1611 994 1675 verb
1007 1635 1082 1697 pars

173 1714 206 1781 T
220 1715 254 1781 G
268 1730 315 1781 est
329 1716 422 1803 quim
435 1716 578 1803 proxime
593 1718 720 1804 aequalis
735 1717 793 1803 ipsi
810 1728 829 1782 3
846 1718 875 1782 Ρ
889 1718 939 1783 Μ.
981 1720 1001 1760 ·
1016 1719 1081 1783 Im·

171 1822 280 1907 primis
303 1824 399 1913 igitur
425 1824 628 1911 quaerendum
649 1838 695 1889 est
717 1847 861 1911 quaenem
878 1825 1083 1911 ‚debeat-esse

170 2146 283 2231 plicari
300 2146 559 2225 decrescentibus,
576 2168 709 2233 quaeque
722 2148 815 2213 simul
833 2148 989 2235 agitantur
1003 2150 1082 2214 due·

157 2253 229 2317 'bus
244 2253 360 2317 viribus
375 2255 540 2333 exumeis,
557 2276 689 2341 quarum
703 2256 800 2320 alteru
814 2253 922 2319 vereris
937 2266 1082 2325 centrum

163 2357 204 2423 ΙΤ
214 2358 367 2447 dirigitur,
380 2372 489 2449 estque
503 2384 625 2447 semper
636 2375 671 2429 ut
683 2362 710 2429 P
720 2364 752 2427 T
762 2363 909 2445 distantia
918 2362 1084 2446 pmrticube

170 2488 191 2529 a
204 2480 320 2544 centro,
337 2468 433 2533 altera
447 2469 512 2557 agit
526 2470 559 2533 in
573 2482 658 2533 recta
671 2471 731 2555 ipsi
746 2471 779 2535 T
794 2469 824 2535 L
842 2470 1000 2555 parallela,
1018 2480 1079 2532 est-

171 2594 232 2659 que
253 2574 294 2637 ad
314 2576 452 2659 priorem
473 2588 508 2647 ut
530 2586 549 2641 3
566 2576 594 2643 P
610 2576 649 2643 M
671 2578 711 2648 ad
734 2578 762 2641 P
782 2566 824 2642 Τ.
869 2577 1081 2644 Ostendemus

170 2692 274 2745 autem
298 2681 443 2747 sectione
463 2684 603 2769 sequenti
629 2683 762 2771 liguram
784 2686 877 2772 hujus
902 2685 991 2749 fluidi
1010 2704 1083 2749 'esse
1213 2709 1216 2713 ⁴

170 2788 312 2853 accurate
327 2790 535 2875 spbaeroideru
550 2813 620 2879 quoe
634 2793 774 2879 gignitur
788 2794 981 2859 revolutione
995 2792 1138 2879 ellipseos
1152 2792 1237 2859 circi
1249 2816 1343 2859 exem
1351 2807 1454 2861 trans·

43 2941 44 2949 κ
170 2918 304 2977 versum,
328 2900 355 2963 si
378 2900 479 2969 Terra
499 2913 694 2987 supponatur
715 2902 910 2968 uniformiter
934 2902 1048 2978 densa3
1081 2914 1177 2989 atque
1200 2904 1275 2967 binc
1300 2902 1453 2969 calculum
1500 2930 1510 2943 ·

170 3008 273 3075 motlrs
286 3013 380 3079 maris
394 3034 434 3079 ex
448 3014 584 3079 motibus
599 3012 776 3083 coelestibus
791 3014 945 3079 deducere
959 3014 1151 3079 conabimur.

220 3116 458 3184 Observandum
472 3132 577 3188 autem
591 3120 666 3185 elias
682 3143 788 3187 causes
804 3121 983 3209 conspirare
997 3120 1038 3191 ad
1052 3132 1155 3183 motus
1169 3118 1263 3183 maris
1276 3119 1454 3204 producen-

173 3222 230 3289 dos
256 3248 328 3289 cum
350 3224 496 3312 inaequali
520 3226 671 3313 gravitate
695 3227 832 3311 portium
857 3228 968 3291 Terrae
989 3224 1097 3293 versus
1124 3225 1249 3291 Lunam
1274 3236 1306 3288 et
1336 3224 1460 3291 solem..

172 3332 280 3398 Motus
296 3335 406 3399 Terrae
420 3334 552 3401 diurnus
565 3334 648 3401 circa
661 3357 753 3405 exem
768 3358 859 3399 suum
872 3335 966 3399 variis
979 3334 1081 3398 modis
1096 3345 1208 3397 aestum
1221 3333 1316 3395 maris
1330 3332 1453 3395 afficere

163 3440 304 3520 ¹videtur,
319 3454 435 3527 praeter
450 3441 537 3505 illum
552 3466 571 3507 a
586 3440 740 3511 Newtono
754 3453 969 3519 memoratum,
985 3462 1049 3528 quo
1061 3453 1155 3505 oestus
1169 3438 1212 3503 ad
1229 3436 1341 3501 horam
1362 3436 1452 3519 lunu-
1572 3468 1575 3473 ·

166 3570 234 3611 rem
249 3548 415 3613 secundem
429 3559 484 3613 aut
497 3549 619 3613 tertiam
633 3548 817 3619 retardatur,
864 3558 895 3615 l.
919 3548 1030 3619 AEstus
1051 3548 1088 3611 fit
1108 3544 1203 3631 paulb
1218 3548 1318 3630 major
1332 3546 1374 3632 ob
1388 3544 1451 3609 vim
1582 3632 1584 3634 ι

167 3656 374 3743 centrifirgam
396 3669 429 3721 et
450 3656 583 3746 ligurum
605 3656 853 3742 spbaeroidicam‚
877 3680 917 3721 ex
938 3669 1026 3722 motu
1048 3658 1158 3721 Terrae
1177 3656 1354 3733 oriundam,
1377 3653 1450 3720 crim

166 3760 235 3826 haec
249 3762 295 3825 ris
309 3762 405 3847 pauli>
417 3764 516 3847 major
531 3762 643 3828 evadat
657 3762 689 3827 in
705 3764 845 3847 partibus
859 3764 954 3830 meris
969 3762 1130 3827 altioribus
1145 3760 1238 3847 quim
1252 3762 1285 3825 in
1297 3761 1450 3846 depressi·

169 3868 285 3933 oribus.
330 3878 360 3935 2.
385 3868 468 3933 Crlrn
489 3870 584 3933 maris
606 3883 700 3935 aestus
713 3870 811 3934 fertur
826 3870 876 3934 vel
890 3892 908 3933 a
922 3869 1052 3933 meridie
1067 3866 1174 3933 versris
1196 3868 1447 3953 septentrionem,

165 3976 213 4042 vel
235 3974 344 4043 contri
365 4000 388 4039 a
407 3978 617 4063 septentrione
630 3975 737 4041 vereris
754 3976 926 4056 meridiem,
948 3976 1057 4040 incidit
1071 3978 1104 4039 in
1119 3998 1225 4062 equus,
1241 3998 1312 4062 quae
1326 3975 1447 4038 diversi

166 4082 331 4147 velocitate
353 4083 435 4146 circu
457 4104 547 4146 exem
569 4082 680 4147 Terroe
701 4084 912 4162 revolvuntur,
935 4096 1030 4169 atque
1050 4083 1125 4147 hinc
1145 4095 1248 4146 motus
1261 4104 1359 4146 novos
1373 4082 1448 4145 cieri

163 4214 290 4257 necesse
305 4204 360 4270 est,
377 4206 413 4258 ut
426 4204 535 4277 postea
549 4192 698 4259 dicemus.
745 4191 847 4258 Porrb
862 4192 1033 4257 secuudum
1047 4191 1201 4256 theoriam
1215 4190 1386 4279 gravitatis,
1399 4190 1445 4255 vis

50 4370 54 4380 ¹
89 4378 93 4388 Ι
165 4298 226 4383 qud
249 4299 411 4382 particulae
432 4300 525 4363 muris
547 4313 698 4387 urgentur
720 4298 827 4364 versds
849 4300 982 4363 Terram
996 4298 1137 4377 solidam,
1161 4304 1245 4385 (quae
1260 4298 1339 4385 aqud
1354 4298 1447 4387 longe

164 4402 289 4467 densior
310 4406 368 4485 est)
393 4417 518 4489 superat
539 4406 603 4470 vim
625 4406 686 4493 quei
708 4403 814 4471 versris
836 4428 949 4491 equum
971 4418 1131 4493 urgentur.
1177 4406 1268 4469 Vires
1289 4405 1353 4468 illae
1374 4418 1449 4469 sunt

174 4576 208 4647 Ι·
230 4574 274 4621 Vis
292 4574 341 4621 bec
357 4573 429 4635 paulb
446 4577 520 4641 major
538 4577 743 4640 eetaiperticuls
765 4578 787 4626 P
818 4574 1448 4642 pemeus-aveseunuamatttmuunqmt'u

161 4638 406 4700 utirrperteTerrro
426 4640 786 4701 Luaoemmmcrdm
818 4642 972 4705 rpearu.
