3284 5517
391 417 530 462 xxx
970 350 974 354 ’
1346 376 2012 452 INTRODUCTIO
2594 372 2792 451 [οη.
2814 368 2962 435 111.

478 573 579 634 37.
628 565 754 631 His
796 562 1032 646 positiS,
1079 559 1258 623 facile
1310 570 1406 622 est
1454 552 1834 619 micrometri
1876 572 2060 615 usum
2103 546 2468 634 intelligere.
2582 541 2702 606 Est
2746 554 2965 606 autem

388 671 854 737 micrometrum
883 668 1360 730 instrumentum
1405 660 1575 746 quod
1604 660 1671 721 in
1698 656 1839 720 foco
1867 654 2050 720 lentis
2081 652 2400 737 objectivae
2432 646 2751 732 telescopii
2780 660 2965 731 apta-

388 790 493 844 tur
540 777 623 841 ad
673 773 1132 862 magnitudines
1186 780 1551 853 apparentes
1606 786 1750 851 quae
1800 761 2070 849 gradum
2118 780 2315 822 unum
2357 755 2459 820 vel
2499 754 2768 843 gradum
2811 776 2962 817 cum

386 888 638 952 semisse
667 906 794 948 non
825 893 1137 967 superant,
1185 875 1613 942 dimetiendas·
1733 871 1909 935 Illius
1950 866 2474 933 constructionem
2502 884 2691 951 quam
2722 861 2812 927 D.
2845 860 2961 927 De

385 994 450 1058 la
482 993 648 1057 Hire
690 993 757 1053 in
787 987 1053 1053 Tabulis
1085 983 1536 1050 Astronomicis
1585 978 1778 1043 veluti
1834 977 2047 1040 usibus
2099 970 2553 1040 Astronomicis
2604 990 2960 1033 accommo-

392 2896 572 2961 filum
615 2895 885 2959 sericum
935 2893 1001 2958 K
1047 2894 1125 2969 L,
1185 2893 1421 2957 dictum
1480 2855 1909 2971 transversale,
1969 2894 2140 2981 quod
2180 2893 2263 2959 ad
2305 2893 2568 2982 angulos
2610 2906 2811 2957 rectos
2854 2890 2963 2955 fila

395 3000 700 3087 parallela
748 3000 945 3065 modo
988 2999 1298 3083 descripta
1339 3021 1376 3062 a
1417 2998 1483 3076 b,
1527 3020 1564 3062 c
1594 2999 1657 3077 d,
1705 3024 1742 3063 e
1770 2999 1813 3078 i,
1860 3002 1974 3066 διο.
2022 3013 2194 3066 secet,
2231 3013 2296 3066 et
2336 3002 2403 3065 in
2444 3000 2653 3065 medio
2695 3000 2962 3064 laterum
3085 3071 3091 3075 ,

405 3111 468 3173 A
501 3110 579 3187 C,
631 3111 688 3175 B
718 3109 786 3175 D
831 3107 1195 3195 glutinatur.
1285 3107 1572 3171 Alterum
1617 3106 1926 3192 quadrum
1979 3109 2037 3173 E
2084 3109 2139 3173 F
2189 3106 2265 3173 H
2296 3108 2366 3173 G
2412 3110 2585 3193 cujus
2632 3105 2962 3193 longitudo

399 3216 458 3280 E
493 3216 547 3281 F
589 3238 717 3280 non
763 3227 1017 3299 superat
1056 3234 1254 3275 unum
1295 3211 1586 3295 pollicem
1623 3234 1770 3276 cum
1808 3214 2079 3291 semisse,
2123 3215 2210 3277 ita
2236 3213 2432 3298 priori
2460 3211 2964 3275 accommodatur

396 3333 468 3385 ut
518 3322 651 3406 ejus
703 3321 899 3385 latera
947 3320 1005 3383 E
1051 3320 1126 3397 F,
1175 3320 1241 3385 G
1272 3319 1366 3396 H,
1409 3335 1777 3386 moveantur
1822 3343 2013 3407 super
2053 3323 2249 3387 latera
2279 3322 2341 3386 A
2370 3320 2462 3395 D,
2499 3321 2556 3385 C
2588 3320 2664 3397 B,
2712 3320 2961 3383 alterius

396 3428 622 3515 quadri
653 3449 771 3491 nec
800 3427 880 3490 ab
910 3427 1046 3511 ipso
1077 3438 1459 3511 separentur.
1562 3429 1779 3493 Facies
1799 3429 1984 3514 hujus
2016 3428 2269 3493 secundi
2291 3426 2511 3513 quadri
2539 3448 2683 3512 quoe
2703 3426 2962 3490 divisam

397 3537 622 3600 faciem
665 3535 893 3618 prioris
938 3532 1209 3618 respicit,
1255 3534 1365 3598 filo
1407 3536 1597 3600 etiam
1639 3538 1836 3601 serico
1883 3550 1946 3601 et
1990 3549 2168 3601 tenso
2206 3535 2251 3598 h
2282 3535 2362 3612 L,
2395 3535 2739 3611 instruitur,
2771 3533 2960 3620 qued,

395 3642 543 3708 cum
591 3653 878 3706 movetur
927 3640 1235 3726 quadrum
1280 3641 1511 3729 ubique
1564 3643 1791 3728 prioris
1837 3643 2061 3730 quadri
2112 3643 2235 3706 filis
2281 3640 2647 3726 parallelum
2694 3650 2959 3716 maneat,

396 3772 592 3836 eaque
644 3747 1066 3832 superlabitur
1116 3769 1304 3833 quam
1353 3748 1662 3834 proxime,
1716 3772 1834 3814 nec
1886 3762 2095 3814 tamen
2148 3750 2237 3813 eis
2290 3746 2577 3812 occurrit.
2689 3744 2962 3810 Cochlea

404 3858 632 3922 deinde
666 3857 742 3922 M
776 3857 860 3934 N,
903 3856 1085 3922 lateri
1115 3856 1172 3920 B
1202 3858 1291 3933 D,
1321 3857 1623 3945 longioris
1657 3858 1882 3944 quadri
1912 3858 2203 3945 affigitur,
2237 3857 2411 3941 cujus
2441 3854 2723 3918 striatum
2756 3875 2961 3937 recep·

395 3967 672 4031 taculum
711 3965 893 4030 lateri
940 3963 993 4029 F
1025 3965 1099 4029 H
1143 3965 1392 4030 alterius
1435 3966 1717 4032 adhaeret
1759 3978 1823 4031 et
1858 3967 1927 4030 in
1961 3966 2270 4035 foramine
2298 3963 2570 4029 rotundo
2599 3962 2961 4029 circumvol-

398 4074 577 4137 vitur.
670 4073 945 4138 Cochlea
987 4074 1241 4161 ejusque
1270 4075 1731 4160 receptaculum
1759 4075 2053 4139 auriculis
2086 4076 2151 4152 S,
2191 4076 2259 4153 S,
2287 4074 2657 4137 instructum
2686 4072 2773 4138 ita
2802 4076 2962 4139 inter

396 4205 462 4247 se
501 4181 704 4266 aptari
748 4180 978 4247 debent
1007 4195 1078 4247 ut
1105 4182 1566 4268 receptaculum
1594 4195 1661 4247 et
1689 4180 1999 4270 quadrum
2030 4180 2089 4246 E
2122 4181 2216 4258 H,
2247 4202 2330 4244 ne
2357 4176 2682 4243 minimum
2713 4180 2961 4265 quidem

395 4290 633 4354 moveri
660 4290 875 4373 possit,
908 4290 1030 4355 nisi
1069 4291 1444 4377 receptaculi
1485 4305 1663 4356 motu
1706 4291 2147 4357 conversionis.
2238 4289 2571 4365 Quadrum
2598 4290 2663 4355 A
2696 4287 2755 4352 C
2792 4286 2851 4351 B
2872 4290 2958 4367 D,

397 4385 716 4482 telescopii
759 4399 1026 4484 cujusvis
1068 4399 1478 4489 longitudinis
1516 4401 1673 4465 tubo
1714 4402 1782 4464 in
1810 4400 2101 4464 distantia
2151 4399 2274 4464 foci
2312 4400 2632 4485 objectivoe
2669 4398 2850 4463 lentis
2881 4396 2963 4463 ita

375 4483 651 4591 'asptatur
692 4518 763 4571 ut
805 4507 999 4592 ipsius
1042 4510 1268 4595 quadri
1307 4511 1573 4595 planum
1611 4508 2131 4595 perpendiculare
2176 4511 2256 4573 sit
2295 4510 2377 4575 ad
2405 4509 2722 4594 telescopii
2763 4530 2958 4572 axem.

409 4616 536 4681 His
566 4614 652 4681 ita
680 4619 1049 4702 constitutiS,
1088 4620 1496 4706 telescopium
1522 4620 1589 4683 in
1618 4619 1847 4684 coelum
1876 4630 2272 4684 convertatur
2300 4632 2365 4683 et
2390 4615 2478 4682 itti
2504 4617 2869 4702 disponatur
2899 4628 2960 4679 ut
