<?xml version="1.0" encoding="UTF-8"?>
<!DOCTYPE html PUBLIC "-//W3C//DTD XHTML 1.0 Transitional//EN"
    "http://www.w3.org/TR/xhtml1/DTD/xhtml1-transitional.dtd">
<html xmlns="http://www.w3.org/1999/xhtml" xml:lang="en" lang="en">
 <head>
  <title>
</title>
<meta http-equiv="Content-Type" content="text/html;charset=utf-8" />
  <meta name='ocr-system' content='tesseract 3.04.00' />
  <meta name='ocr-capabilities' content='ocr_page ocr_carea ocr_par ocr_line ocrx_word'/>
</head>
<body>
  <div class='ocr_page' id='page_1' title='image "./philosophinatur01wriggoog_0044.png"; bbox 0 0 3284 5517; ppageno 0'>
   <div class='ocr_carea' id='block_1_1' title="bbox 133 330 1421 471">
    <p class='ocr_par' dir='ltr' id='par_1_1' title="bbox 133 330 1421 471">
     <span class='ocr_line' id='line_1_1' title="bbox 133 330 1421 471; baseline -0.005 -12"><span class='ocrx_word' id='word_1_1' title='bbox 133 388 310 471; x_wconf 55' lang='lat' dir='ltr'><strong>Cer-1113</strong></span> <span class='ocrx_word' id='word_1_2' title='bbox 507 390 575 461; x_wconf 78' lang='lat' dir='ltr'><strong>AD</strong></span> <span class='ocrx_word' id='word_1_3' title='bbox 597 388 820 461; x_wconf 81' lang='lat' dir='ltr'>TERTIUM</span> <span class='ocrx_word' id='word_1_4' title='bbox 844 330 1043 459; x_wconf 72' lang='lat' dir='ltr'><strong>LlBliUM·</strong></span> <span class='ocrx_word' id='word_1_5' title='bbox 1121 427 1128 451; x_wconf 72' lang='grc' dir='ltr'><strong><em>ι</em></strong></span> <span class='ocrx_word' id='word_1_6' title='bbox 1330 408 1421 453; x_wconf 79' lang='lat' dir='ltr'>xxxv</span> 
     </span>
    </p>
   </div>
   <div class='ocr_carea' id='block_1_2' title="bbox 124 560 1430 1727">
    <p class='ocr_par' dir='ltr' id='par_1_2' title="bbox 124 560 1430 1727">
     <span class='ocr_line' id='line_1_2' title="bbox 132 560 1423 653; baseline -0.001 -25"><span class='ocrx_word' id='word_1_7' title='bbox 132 576 228 629; x_wconf 81' lang='lat' dir='ltr'><strong>rectoe</strong></span> <span class='ocrx_word' id='word_1_8' title='bbox 252 564 334 629; x_wconf 85' lang='lat' dir='ltr'><strong>Solis</strong></span> <span class='ocrx_word' id='word_1_9' title='bbox 356 566 449 631; x_wconf 80' lang='lat' dir='ltr'><strong>etiem</strong></span> <span class='ocrx_word' id='word_1_10' title='bbox 470 562 665 651; x_wconf 71' lang='lat' dir='ltr'><strong>aequnbiliter</strong></span> <span class='ocrx_word' id='word_1_11' title='bbox 678 564 924 653; x_wconf 77' lang='lat' dir='ltr'><strong>progrederemr</strong></span> <span class='ocrx_word' id='word_1_12' title='bbox 936 564 971 631; x_wconf 86' lang='lat' dir='ltr'><strong>iu</strong></span> <span class='ocrx_word' id='word_1_13' title='bbox 983 574 1144 650; x_wconf 78' lang='lat' dir='ltr'><strong>aequatore</strong></span> <span class='ocrx_word' id='word_1_14' title='bbox 1156 563 1197 635; x_wconf 80' lang='lat' dir='ltr'><strong>nb</strong></span> <span class='ocrx_word' id='word_1_15' title='bbox 1211 562 1374 629; x_wconf 81' lang='lat' dir='ltr'><strong>occidente</strong></span> <span class='ocrx_word' id='word_1_16' title='bbox 1387 560 1423 627; x_wconf 84' lang='lat' dir='ltr'><strong>in</strong></span> 
     </span>
     <span class='ocr_line' id='line_1_3' title="bbox 131 667 1424 759; baseline 0 -24"><span class='ocrx_word' id='word_1_17' title='bbox 131 668 296 748; x_wconf 79' lang='lat' dir='ltr'><strong>orientem,</strong></span> <span class='ocrx_word' id='word_1_18' title='bbox 312 670 379 735; x_wconf 87' lang='lat' dir='ltr'><strong>dies</strong></span> <span class='ocrx_word' id='word_1_19' title='bbox 396 668 522 737; x_wconf 73' lang='lat' dir='ltr'><strong>Soles-es</strong></span> <span class='ocrx_word' id='word_1_20' title='bbox 535 694 592 739; x_wconf 84' lang='lat' dir='ltr'><strong>ssu</strong></span> <span class='ocrx_word' id='word_1_21' title='bbox 605 670 814 739; x_wconf 76' lang='lat' dir='ltr'><strong>revolutiones</strong></span> <span class='ocrx_word' id='word_1_22' title='bbox 825 672 957 759; x_wconf 76' lang='lat' dir='ltr'><strong>singulis</strong></span> <span class='ocrx_word' id='word_1_23' title='bbox 966 671 1076 758; x_wconf 81' lang='lat' dir='ltr'><strong>puncti</strong></span> <span class='ocrx_word' id='word_1_24' title='bbox 1086 672 1120 738; x_wconf 94' lang='lat' dir='ltr'>D</span> <span class='ocrx_word' id='word_1_25' title='bbox 1132 696 1150 735; x_wconf 86' lang='lat' dir='ltr'><strong>s</strong></span> <span class='ocrx_word' id='word_1_26' title='bbox 1162 670 1279 735; x_wconf 89' lang='lat' dir='ltr'><strong>circulo</strong></span> <span class='ocrx_word' id='word_1_27' title='bbox 1292 667 1424 735; x_wconf 85' lang='lat' dir='ltr'><strong>horario</strong></span> 
     </span>
     <span class='ocr_line' id='line_1_4' title="bbox 134 776 1424 865; baseline -0.003 -20"><span class='ocrx_word' id='word_1_28' title='bbox 134 778 168 845; x_wconf 91' lang='lat' dir='ltr'>T</span> <span class='ocrx_word' id='word_1_29' title='bbox 182 778 211 843; x_wconf 88' lang='lat' dir='ltr'>Z</span> <span class='ocrx_word' id='word_1_30' title='bbox 229 778 270 845; x_wconf 80' lang='lat' dir='ltr'><strong>ad</strong></span> <span class='ocrx_word' id='word_1_31' title='bbox 292 776 438 857; x_wconf 78' lang='lat' dir='ltr'><strong>eundern,</strong></span> <span class='ocrx_word' id='word_1_32' title='bbox 461 788 567 845; x_wconf 82' lang='lat' dir='ltr'><strong>essent</strong></span> <span class='ocrx_word' id='word_1_33' title='bbox 580 777 717 865; x_wconf 62' lang='lat' dir='ltr'><strong>aquales</strong></span> <span class='ocrx_word' id='word_1_34' title='bbox 731 789 763 846; x_wconf 83' lang='lat' dir='ltr'><strong>et</strong></span> <span class='ocrx_word' id='word_1_35' title='bbox 776 788 902 863; x_wconf 78' lang='lat' dir='ltr'><strong>tompus</strong></span> <span class='ocrx_word' id='word_1_36' title='bbox 916 800 1070 863; x_wconf 83' lang='lat' dir='ltr'><strong>apperens</strong></span> <span class='ocrx_word' id='word_1_37' title='bbox 1084 801 1104 842; x_wconf 86' lang='lat' dir='ltr'><strong>n</strong></span> <span class='ocrx_word' id='word_1_38' title='bbox 1117 776 1223 843; x_wconf 87' lang='lat' dir='ltr'><strong>medin</strong></span> <span class='ocrx_word' id='word_1_39' title='bbox 1236 798 1302 841; x_wconf 80' lang='lat' dir='ltr'><strong>mm</strong></span> <span class='ocrx_word' id='word_1_40' title='bbox 1316 777 1424 843; x_wconf 78' lang='lat' dir='ltr'><strong>differ·</strong></span> 
     </span>
     <span class='ocr_line' id='line_1_5' title="bbox 133 880 1426 971; baseline -0.001 -23"><span class='ocrx_word' id='word_1_41' title='bbox 133 896 192 948; x_wconf 89' lang='lat' dir='ltr'><strong>ret.</strong></span> <span class='ocrx_word' id='word_1_42' title='bbox 240 882 303 948; x_wconf 88' lang='lat' dir='ltr'><strong>Sed</strong></span> <span class='ocrx_word' id='word_1_43' title='bbox 325 880 399 947; x_wconf 82' lang='lat' dir='ltr'><strong>otim</strong></span> <span class='ocrx_word' id='word_1_44' title='bbox 419 896 524 948; x_wconf 91' lang='lat' dir='ltr'><strong>motus</strong></span> <span class='ocrx_word' id='word_1_45' title='bbox 545 884 736 953; x_wconf 76' lang='lat' dir='ltr'><strong>ascensionis</strong></span> <span class='ocrx_word' id='word_1_46' title='bbox 756 895 852 951; x_wconf 79' lang='lat' dir='ltr'><strong>rectae</strong></span> <span class='ocrx_word' id='word_1_47' title='bbox 866 882 911 962; x_wconf 90' lang='lat' dir='ltr'><strong>D,</strong></span> <span class='ocrx_word' id='word_1_48' title='bbox 927 883 1122 971; x_wconf 84' lang='lat' dir='ltr'><strong>inaequabilis</strong></span> <span class='ocrx_word' id='word_1_49' title='bbox 1136 883 1186 963; x_wconf 85' lang='lat' dir='ltr'><strong>sit,</strong></span> <span class='ocrx_word' id='word_1_50' title='bbox 1208 882 1275 949; x_wconf 90' lang='lat' dir='ltr'><strong>dies</strong></span> <span class='ocrx_word' id='word_1_51' title='bbox 1290 895 1322 949; x_wconf 88' lang='lat' dir='ltr'><strong>et</strong></span> <span class='ocrx_word' id='word_1_52' title='bbox 1335 882 1426 948; x_wconf 78' lang='lat' dir='ltr'><strong>hores</strong></span> 
     </span>
     <span class='ocr_line' id='line_1_6' title="bbox 136 988 1425 1079; baseline 0.001 -20"><span class='ocrx_word' id='word_1_53' title='bbox 136 991 264 1059; x_wconf 76' lang='lat' dir='ltr'><strong>Solsros</strong></span> <span class='ocrx_word' id='word_1_54' title='bbox 282 1002 355 1057; x_wconf 89' lang='lat' dir='ltr'><strong>sunt</strong></span> <span class='ocrx_word' id='word_1_55' title='bbox 369 988 496 1077; x_wconf 74' lang='lat' dir='ltr'><strong>quoqui</strong></span> <span class='ocrx_word' id='word_1_56' title='bbox 510 990 689 1078; x_wconf 78' lang='lat' dir='ltr'><strong>inoequsles.</strong></span> <span class='ocrx_word' id='word_1_57' title='bbox 723 992 770 1059; x_wconf 81' lang='lat' dir='ltr'><strong>At</strong></span> <span class='ocrx_word' id='word_1_58' title='bbox 782 1003 937 1079; x_wconf 84' lang='lat' dir='ltr'><strong>puuctum</strong></span> <span class='ocrx_word' id='word_1_59' title='bbox 950 990 1001 1069; x_wconf 87' lang='lat' dir='ltr'><strong>M,</strong></span> <span class='ocrx_word' id='word_1_60' title='bbox 1015 990 1212 1078; x_wconf 67' lang='lat' dir='ltr'><strong>aequabiliter</strong></span> <span class='ocrx_word' id='word_1_61' title='bbox 1223 989 1425 1079; x_wconf 67' lang='lat' dir='ltr'><strong>progreditur</strong></span> 
     </span>
     <span class='ocr_line' id='line_1_7' title="bbox 133 1094 1426 1192; baseline 0.003 -27"><span class='ocrx_word' id='word_1_62' title='bbox 133 1100 169 1165; x_wconf 89' lang='lat' dir='ltr'><strong>in</strong></span> <span class='ocrx_word' id='word_1_63' title='bbox 183 1110 342 1187; x_wconf 53' lang='lat' dir='ltr'><strong>Quatore</strong></span> <span class='ocrx_word' id='word_1_64' title='bbox 363 1096 404 1163; x_wconf 90' lang='lat' dir='ltr'><strong>ab</strong></span> <span class='ocrx_word' id='word_1_65' title='bbox 425 1120 538 1167; x_wconf 79' lang='lat' dir='ltr'><strong>occasu</strong></span> <span class='ocrx_word' id='word_1_66' title='bbox 552 1098 594 1163; x_wconf 86' lang='lat' dir='ltr'><strong>nd</strong></span> <span class='ocrx_word' id='word_1_67' title='bbox 608 1110 723 1177; x_wconf 88' lang='lat' dir='ltr'><strong>ortum,</strong></span> <span class='ocrx_word' id='word_1_68' title='bbox 739 1111 772 1169; x_wconf 85' lang='lat' dir='ltr'><strong>et</strong></span> <span class='ocrx_word' id='word_1_69' title='bbox 785 1094 859 1163; x_wconf 82' lang='lat' dir='ltr'><strong>ideb</strong></span> <span class='ocrx_word' id='word_1_70' title='bbox 871 1109 976 1192; x_wconf 80' lang='lat' dir='ltr'><strong>motus</strong></span> <span class='ocrx_word' id='word_1_71' title='bbox 989 1097 1072 1163; x_wconf 86' lang='lat' dir='ltr'><strong>illius</strong></span> <span class='ocrx_word' id='word_1_72' title='bbox 1087 1097 1235 1184; x_wconf 82' lang='lat' dir='ltr'><strong>constitui</strong></span> <span class='ocrx_word' id='word_1_73' title='bbox 1249 1108 1353 1183; x_wconf 65' lang='lat' dir='ltr'><strong>potest</strong></span> <span class='ocrx_word' id='word_1_74' title='bbox 1365 1118 1426 1189; x_wconf 79' lang='lat' dir='ltr'><strong>pru</strong></span> 
     </span>
     <span class='ocr_line' id='line_1_8' title="bbox 124 1202 1428 1295; baseline 0 -24"><span class='ocrx_word' id='word_1_75' title='bbox 124 1204 281 1272; x_wconf 57' lang='lat' dir='ltr'><strong>‘mensuri</strong></span> <span class='ocrx_word' id='word_1_76' title='bbox 301 1204 451 1291; x_wconf 88' lang='lat' dir='ltr'><strong>temporis</strong></span> <span class='ocrx_word' id='word_1_77' title='bbox 469 1204 575 1274; x_wconf 87' lang='lat' dir='ltr'><strong>medii.</strong></span> <span class='ocrx_word' id='word_1_78' title='bbox 621 1204 733 1292; x_wconf 77' lang='lat' dir='ltr'><strong>ltaque</strong></span> <span class='ocrx_word' id='word_1_79' title='bbox 747 1204 915 1295; x_wconf 90' lang='lat' dir='ltr'><strong>longitudo</strong></span> <span class='ocrx_word' id='word_1_80' title='bbox 929 1204 1012 1271; x_wconf 85' lang='lat' dir='ltr'><strong>Solis</strong></span> <span class='ocrx_word' id='word_1_81' title='bbox 1025 1202 1129 1269; x_wconf 84' lang='lat' dir='ltr'><strong>media</strong></span> <span class='ocrx_word' id='word_1_82' title='bbox 1143 1216 1176 1263; x_wconf 76' lang='lat' dir='ltr'><strong>‘r</strong></span> <span class='ocrx_word' id='word_1_83' title='bbox 1205 1202 1282 1269; x_wconf 89' lang='lat' dir='ltr'><strong>svel</strong></span> <span class='ocrx_word' id='word_1_84' title='bbox 1294 1202 1428 1290; x_wconf 74' lang='lat' dir='ltr'><strong>oequelie</strong></span> 
     </span>
     <span class='ocr_line' id='line_1_9' title="bbox 135 1311 1427 1401; baseline 0.001 -20"><span class='ocrx_word' id='word_1_85' title='bbox 135 1326 184 1381; x_wconf 84' lang='lat' dir='ltr'><strong>est</strong></span> <span class='ocrx_word' id='word_1_86' title='bbox 209 1316 384 1381; x_wconf 81' lang='lat' dir='ltr'><strong>aseernioni</strong></span> <span class='ocrx_word' id='word_1_87' title='bbox 403 1326 501 1382; x_wconf 78' lang='lat' dir='ltr'><strong>reotoe</strong></span> <span class='ocrx_word' id='word_1_88' title='bbox 521 1328 555 1375; x_wconf 64' lang='grc' dir='ltr'>φ</span> <span class='ocrx_word' id='word_1_89' title='bbox 578 1314 612 1382; x_wconf 89' lang='lat' dir='ltr'>D</span> <span class='ocrx_word' id='word_1_90' title='bbox 632 1314 684 1381; x_wconf 82' lang='lat' dir='ltr'><strong>vel</strong></span> <span class='ocrx_word' id='word_1_91' title='bbox 702 1314 739 1383; x_wconf 79' lang='lat' dir='ltr'><strong>et</strong></span> <span class='ocrx_word' id='word_1_92' title='bbox 760 1316 862 1401; x_wconf 76' lang='lat' dir='ltr'><strong>major</strong></span> <span class='ocrx_word' id='word_1_93' title='bbox 883 1327 931 1386; x_wconf 84' lang='lat' dir='ltr'><strong>est</strong></span> <span class='ocrx_word' id='word_1_94' title='bbox 952 1325 1007 1382; x_wconf 85' lang='lat' dir='ltr'><strong>aut</strong></span> <span class='ocrx_word' id='word_1_95' title='bbox 1020 1312 1134 1380; x_wconf 85' lang='lat' dir='ltr'><strong>minor.</strong></span> <span class='ocrx_word' id='word_1_96' title='bbox 1178 1312 1218 1378; x_wconf 90' lang='lat' dir='ltr'><strong>ln</strong></span> <span class='ocrx_word' id='word_1_97' title='bbox 1231 1311 1337 1398; x_wconf 87' lang='lat' dir='ltr'><strong>prim0</strong></span> <span class='ocrx_word' id='word_1_98' title='bbox 1351 1332 1427 1382; x_wconf 70' lang='lat' dir='ltr'><strong>suen</strong></span> 
     </span>
     <span class='ocr_line' id='line_1_10' title="bbox 134 1416 1427 1511; baseline -0.003 -22"><span class='ocrx_word' id='word_1_99' title='bbox 134 1434 290 1511; x_wconf 86' lang='lat' dir='ltr'><strong>punctum</strong></span> <span class='ocrx_word' id='word_1_100' title='bbox 305 1423 345 1491; x_wconf 87' lang='grc' dir='ltr'>Μ</span> <span class='ocrx_word' id='word_1_101' title='bbox 361 1424 510 1489; x_wconf 83' lang='lat' dir='ltr'><strong>eoirieidit</strong></span> <span class='ocrx_word' id='word_1_102' title='bbox 522 1447 594 1491; x_wconf 87' lang='lat' dir='ltr'><strong>cnm</strong></span> <span class='ocrx_word' id='word_1_103' title='bbox 607 1436 726 1511; x_wconf 87' lang='lat' dir='ltr'><strong>puncto</strong></span> <span class='ocrx_word' id='word_1_104' title='bbox 740 1424 784 1503; x_wconf 93' lang='lat' dir='ltr'><strong>D,</strong></span> <span class='ocrx_word' id='word_1_105' title='bbox 800 1423 836 1490; x_wconf 89' lang='lat' dir='ltr'><strong>in</strong></span> <span class='ocrx_word' id='word_1_106' title='bbox 851 1423 990 1490; x_wconf 73' lang='lat' dir='ltr'><strong>woundo</strong></span> <span class='ocrx_word' id='word_1_107' title='bbox 1004 1446 1079 1490; x_wconf 73' lang='lat' dir='ltr'><strong>cusu</strong></span> <span class='ocrx_word' id='word_1_108' title='bbox 1092 1436 1140 1489; x_wconf 86' lang='lat' dir='ltr'><strong>est</strong></span> <span class='ocrx_word' id='word_1_109' title='bbox 1152 1419 1236 1491; x_wconf 76' lang='lat' dir='ltr'><strong>ultrt</strong></span> <span class='ocrx_word' id='word_1_110' title='bbox 1249 1422 1295 1500; x_wconf 93' lang='lat' dir='ltr'><strong>D,</strong></span> <span class='ocrx_word' id='word_1_111' title='bbox 1317 1416 1427 1487; x_wconf 80' lang='lat' dir='ltr'><strong>vereris</strong></span> 
     </span>
     <span class='ocr_line' id='line_1_11' title="bbox 136 1526 1428 1613; baseline -0.002 -18"><span class='ocrx_word' id='word_1_112' title='bbox 136 1531 290 1596; x_wconf 77' lang='lat' dir='ltr'><strong>orientem</strong></span> <span class='ocrx_word' id='word_1_113' title='bbox 312 1544 345 1597; x_wconf 86' lang='lat' dir='ltr'><strong>et</strong></span> <span class='ocrx_word' id='word_1_114' title='bbox 364 1532 402 1597; x_wconf 88' lang='lat' dir='ltr'><strong>in</strong></span> <span class='ocrx_word' id='word_1_115' title='bbox 419 1532 514 1597; x_wconf 88' lang='lat' dir='ltr'><strong>tertio</strong></span> <span class='ocrx_word' id='word_1_116' title='bbox 535 1550 611 1599; x_wconf 83' lang='lat' dir='ltr'><strong>onsu</strong></span> <span class='ocrx_word' id='word_1_117' title='bbox 631 1544 682 1599; x_wconf 82' lang='lat' dir='ltr'><strong>est</strong></span> <span class='ocrx_word' id='word_1_118' title='bbox 699 1528 779 1597; x_wconf 71' lang='lat' dir='ltr'><strong>ciue</strong></span> <span class='ocrx_word' id='word_1_119' title='bbox 800 1530 846 1609; x_wconf 86' lang='lat' dir='ltr'><strong>D,</strong></span> <span class='ocrx_word' id='word_1_120' title='bbox 871 1526 979 1599; x_wconf 76' lang='lat' dir='ltr'><strong>versis</strong></span> <span class='ocrx_word' id='word_1_121' title='bbox 1007 1528 1213 1597; x_wconf 72' lang='lat' dir='ltr'><strong>occidentem</strong></span> <span class='ocrx_word' id='word_1_122' title='bbox 1258 1526 1428 1613; x_wconf 84' lang='lat' dir='ltr'><strong>Temporis</strong></span> 
     </span>
     <span class='ocr_line' id='line_1_12' title="bbox 139 1634 1430 1727; baseline 0 -26"><span class='ocrx_word' id='word_1_123' title='bbox 139 1636 275 1702; x_wconf 80' lang='lat' dir='ltr'><strong>absoluti</strong></span> <span class='ocrx_word' id='word_1_124' title='bbox 295 1648 490 1705; x_wconf 84' lang='lat' dir='ltr'><strong>momentum</strong></span> <span class='ocrx_word' id='word_1_125' title='bbox 511 1660 574 1727; x_wconf 87' lang='lat' dir='ltr'><strong>quo</strong></span> <span class='ocrx_word' id='word_1_126' title='bbox 594 1650 747 1723; x_wconf 84' lang='lat' dir='ltr'><strong>punctum</strong></span> <span class='ocrx_word' id='word_1_127' title='bbox 763 1634 814 1715; x_wconf 89' lang='lat' dir='ltr'><strong>M,</strong></span> <span class='ocrx_word' id='word_1_128' title='bbox 829 1634 978 1707; x_wconf 87' lang='lat' dir='ltr'><strong>ooinnidit</strong></span> <span class='ocrx_word' id='word_1_129' title='bbox 998 1656 1071 1703; x_wconf 83' lang='lat' dir='ltr'><strong>enm</strong></span> <span class='ocrx_word' id='word_1_130' title='bbox 1091 1646 1210 1721; x_wconf 86' lang='lat' dir='ltr'><strong>puncto</strong></span> <span class='ocrx_word' id='word_1_131' title='bbox 1224 1634 1270 1713; x_wconf 86' lang='lat' dir='ltr'><strong>D,</strong></span> <span class='ocrx_word' id='word_1_132' title='bbox 1286 1645 1430 1701; x_wconf 76' lang='lat' dir='ltr'><strong>sumatur</strong></span> 
     </span>
    </p>
   </div>
   <div class='ocr_carea' id='block_1_3' title="bbox 18 1738 1430 1939">
    <p class='ocr_par' dir='ltr' id='par_1_3' title="bbox 18 1738 1430 1939">
     <span class='ocr_line' id='line_1_13' title="bbox 18 1738 1430 1847; baseline 0.001 -40"><span class='ocrx_word' id='word_1_133' title='bbox 18 1824 19 1831; x_wconf 6' lang='grc' dir='ltr'>ἵ</span> <span class='ocrx_word' id='word_1_134' title='bbox 135 1753 289 1827; x_wconf 74' lang='lat' dir='ltr'><strong>tanquam</strong></span> <span class='ocrx_word' id='word_1_135' title='bbox 308 1742 499 1827; x_wconf 88' lang='lat' dir='ltr'><strong>principium</strong></span> <span class='ocrx_word' id='word_1_136' title='bbox 513 1766 532 1809; x_wconf 88' lang='lat' dir='ltr'><strong>a</strong></span> <span class='ocrx_word' id='word_1_137' title='bbox 547 1766 611 1831; x_wconf 92' lang='lat' dir='ltr'><strong>quo</strong></span> <span class='ocrx_word' id='word_1_138' title='bbox 625 1754 925 1847; x_wconf 27' lang='lat' dir='ltr'><strong>tempusteppnrens</strong></span> <span class='ocrx_word' id='word_1_139' title='bbox 939 1754 972 1805; x_wconf 90' lang='lat' dir='ltr'><strong>et</strong></span> <span class='ocrx_word' id='word_1_140' title='bbox 985 1754 1109 1825; x_wconf 79' lang='lat' dir='ltr'><strong>tempus</strong></span> <span class='ocrx_word' id='word_1_141' title='bbox 1122 1738 1262 1807; x_wconf 83' lang='lat' dir='ltr'><strong>modium</strong></span> <span class='ocrx_word' id='word_1_142' title='bbox 1275 1738 1430 1824; x_wconf 81' lang='lat' dir='ltr'><strong>incipiunt</strong></span> 
     </span>
     <span class='ocr_line' id='line_1_14' title="bbox 18 1844 1428 1939; baseline -0.001 -20"><span class='ocrx_word' id='word_1_143' title='bbox 18 1844 19 1847; x_wconf 28' lang='lat'>¹</span> <span class='ocrx_word' id='word_1_144' title='bbox 139 1852 317 1937; x_wconf 78' lang='lat' dir='ltr'><strong>computari</strong></span> <span class='ocrx_word' id='word_1_145' title='bbox 330 1862 363 1919; x_wconf 88' lang='lat' dir='ltr'><strong>et</strong></span> <span class='ocrx_word' id='word_1_146' title='bbox 377 1874 441 1939; x_wconf 87' lang='lat' dir='ltr'><strong>quo</strong></span> <span class='ocrx_word' id='word_1_147' title='bbox 455 1850 548 1918; x_wconf 82' lang='lat' dir='ltr'><strong>simd</strong></span> <span class='ocrx_word' id='word_1_148' title='bbox 563 1852 746 1923; x_wconf 80' lang='lat' dir='ltr'><strong>eoirreidunt</strong></span> <span class='ocrx_word' id='word_1_149' title='bbox 754 1876 763 1928; x_wconf 81' lang='lat'>3</span> <span class='ocrx_word' id='word_1_150' title='bbox 786 1862 818 1917; x_wconf 83' lang='lat' dir='ltr'><strong>st</strong></span> <span class='ocrx_word' id='word_1_151' title='bbox 831 1851 865 1919; x_wconf 87' lang='lat' dir='ltr'><strong>in</strong></span> <span class='ocrx_word' id='word_1_152' title='bbox 879 1850 947 1918; x_wconf 82' lang='lat' dir='ltr'><strong>eliis</strong></span> <span class='ocrx_word' id='word_1_153' title='bbox 961 1850 1083 1919; x_wconf 84' lang='lat' dir='ltr'><strong>ossibus</strong></span> <span class='ocrx_word' id='word_1_154' title='bbox 1097 1863 1221 1937; x_wconf 80' lang='lat' dir='ltr'><strong>ternpus</strong></span> <span class='ocrx_word' id='word_1_155' title='bbox 1236 1870 1392 1936; x_wconf 72' lang='lat' dir='ltr'><strong>apperens</strong></span> <span class='ocrx_word' id='word_1_156' title='bbox 1406 1870 1428 1918; x_wconf 77' lang='lat' dir='ltr'><strong>s</strong></span> 
     </span>
    </p>
   </div>
   <div class='ocr_carea' id='block_1_4' title="bbox 138 1956 1438 3557">
    <p class='ocr_par' dir='ltr' id='par_1_4' title="bbox 138 1956 1433 2567">
     <span class='ocr_line' id='line_1_15' title="bbox 139 1956 1430 2049; baseline -0.001 -25"><span class='ocrx_word' id='word_1_157' title='bbox 139 1960 248 2025; x_wconf 86' lang='lat' dir='ltr'><strong>medio</strong></span> <span class='ocrx_word' id='word_1_158' title='bbox 261 1961 385 2027; x_wconf 81' lang='lat' dir='ltr'><strong>differet</strong></span> <span class='ocrx_word' id='word_1_159' title='bbox 396 1986 458 2049; x_wconf 88' lang='lat' dir='ltr'><strong>pro</strong></span> <span class='ocrx_word' id='word_1_160' title='bbox 471 1964 643 2049; x_wconf 79' lang='lat' dir='ltr'><strong>quantitate</strong></span> <span class='ocrx_word' id='word_1_161' title='bbox 657 1958 748 2028; x_wconf 76' lang='lat' dir='ltr'><strong>arcta</strong></span> <span class='ocrx_word' id='word_1_162' title='bbox 771 1960 811 2027; x_wconf 93' lang='lat' dir='ltr'>M</span> <span class='ocrx_word' id='word_1_163' title='bbox 825 1960 859 2027; x_wconf 96' lang='lat' dir='ltr'>D</span> <span class='ocrx_word' id='word_1_164' title='bbox 874 1960 908 2025; x_wconf 91' lang='lat' dir='ltr'><strong>in</strong></span> <span class='ocrx_word' id='word_1_165' title='bbox 922 1972 1046 2045; x_wconf 79' lang='lat' dir='ltr'><strong>ternpus</strong></span> <span class='ocrx_word' id='word_1_166' title='bbox 1060 1957 1161 2025; x_wconf 83' lang='lat' dir='ltr'><strong>solnre</strong></span> <span class='ocrx_word' id='word_1_167' title='bbox 1175 1956 1318 2023; x_wconf 88' lang='lat' dir='ltr'><strong>eonversi</strong></span> <span class='ocrx_word' id='word_1_168' title='bbox 1340 1956 1430 2042; x_wconf 73' lang='lat'>(16)3</span> 
     </span>
     <span class='ocr_line' id='line_1_16' title="bbox 139 2062 1431 2155; baseline -0.002 -22"><span class='ocrx_word' id='word_1_169' title='bbox 139 2064 227 2135; x_wconf 75' lang='lat' dir='ltr'><strong>Num</strong></span> <span class='ocrx_word' id='word_1_170' title='bbox 241 2066 318 2133; x_wconf 87' lang='lat' dir='ltr'><strong>dum</strong></span> <span class='ocrx_word' id='word_1_171' title='bbox 332 2081 485 2155; x_wconf 79' lang='lat' dir='ltr'><strong>punctum</strong></span> <span class='ocrx_word' id='word_1_172' title='bbox 500 2070 545 2147; x_wconf 90' lang='lat' dir='ltr'><strong>D,</strong></span> <span class='ocrx_word' id='word_1_173' title='bbox 561 2081 609 2135; x_wconf 86' lang='lat' dir='ltr'><strong>est</strong></span> <span class='ocrx_word' id='word_1_174' title='bbox 623 2068 682 2135; x_wconf 85' lang='lat' dir='ltr'><strong>sub</strong></span> <span class='ocrx_word' id='word_1_175' title='bbox 696 2066 872 2135; x_wconf 77' lang='lat' dir='ltr'><strong>meridiano</strong></span> <span class='ocrx_word' id='word_1_176' title='bbox 893 2065 925 2133; x_wconf 88' lang='lat' dir='ltr'>T</span> <span class='ocrx_word' id='word_1_177' title='bbox 940 2066 977 2145; x_wconf 87' lang='lat' dir='ltr'><strong>Z,</strong></span> <span class='ocrx_word' id='word_1_178' title='bbox 999 2064 1078 2134; x_wconf 78' lang='lat' dir='ltr'><strong>hort</strong></span> <span class='ocrx_word' id='word_1_179' title='bbox 1106 2062 1159 2133; x_wconf 70' lang='lat'><strong>12‘</strong></span> <span class='ocrx_word' id='word_1_180' title='bbox 1180 2074 1384 2150; x_wconf 80' lang='lat' dir='ltr'><strong>computetur</strong></span> <span class='ocrx_word' id='word_1_181' title='bbox 1396 2064 1431 2130; x_wconf 89' lang='lat' dir='ltr'><strong>in</strong></span> 
     </span>
     <span class='ocr_line' id='line_1_17' title="bbox 138 2172 1431 2261; baseline 0 -22"><span class='ocrx_word' id='word_1_182' title='bbox 138 2172 210 2239; x_wconf 91' lang='lat' dir='ltr'><strong>looo</strong></span> <span class='ocrx_word' id='word_1_183' title='bbox 231 2176 319 2260; x_wconf 89' lang='lat' dir='ltr'><strong>cujus</strong></span> <span class='ocrx_word' id='word_1_184' title='bbox 339 2176 533 2243; x_wconf 70' lang='lat' dir='ltr'><strong>meridianus</strong></span> <span class='ocrx_word' id='word_1_185' title='bbox 551 2188 599 2243; x_wconf 86' lang='lat' dir='ltr'><strong>est</strong></span> <span class='ocrx_word' id='word_1_186' title='bbox 620 2176 652 2241; x_wconf 90' lang='lat' dir='ltr'>T</span> <span class='ocrx_word' id='word_1_187' title='bbox 672 2174 711 2254; x_wconf 86' lang='lat' dir='ltr'><strong>Z,</strong></span> <span class='ocrx_word' id='word_1_188' title='bbox 730 2174 835 2241; x_wconf 86' lang='lat' dir='ltr'><strong>stubi</strong></span> <span class='ocrx_word' id='word_1_189' title='bbox 853 2186 1008 2261; x_wconf 86' lang='lat' dir='ltr'><strong>punctum</strong></span> <span class='ocrx_word' id='word_1_190' title='bbox 1031 2172 1072 2239; x_wconf 87' lang='lat' dir='ltr'>M</span> <span class='ocrx_word' id='word_1_191' title='bbox 1090 2172 1185 2239; x_wconf 75' lang='lat' dir='ltr'><strong>nsua</strong></span> <span class='ocrx_word' id='word_1_192' title='bbox 1202 2197 1223 2239; x_wconf 88' lang='lat' dir='ltr'><strong>a</strong></span> <span class='ocrx_word' id='word_1_193' title='bbox 1239 2185 1363 2259; x_wconf 82' lang='lat' dir='ltr'><strong>puncto</strong></span> <span class='ocrx_word' id='word_1_194' title='bbox 1383 2172 1431 2252; x_wconf 93' lang='lat' dir='ltr'><strong>D,</strong></span> 
     </span>
     <span class='ocr_line' id='line_1_18' title="bbox 140 2282 1433 2371; baseline 0 -22"><span class='ocrx_word' id='word_1_195' title='bbox 140 2304 232 2349; x_wconf 67' lang='lat' dir='ltr'><strong>meus</strong></span> <span class='ocrx_word' id='word_1_196' title='bbox 245 2284 284 2349; x_wconf 93' lang='lat' dir='ltr'>M</span> <span class='ocrx_word' id='word_1_197' title='bbox 296 2284 341 2362; x_wconf 95' lang='lat' dir='ltr'><strong>D,</strong></span> <span class='ocrx_word' id='word_1_198' title='bbox 356 2286 390 2349; x_wconf 90' lang='lat' dir='ltr'><strong>in</strong></span> <span class='ocrx_word' id='word_1_199' title='bbox 404 2296 528 2371; x_wconf 87' lang='lat' dir='ltr'><strong>tempus</strong></span> <span class='ocrx_word' id='word_1_200' title='bbox 541 2286 644 2353; x_wconf 85' lang='lat' dir='ltr'><strong>solare</strong></span> <span class='ocrx_word' id='word_1_201' title='bbox 658 2307 837 2363; x_wconf 77' lang='lat' dir='ltr'><strong>conversus,</strong></span> <span class='ocrx_word' id='word_1_202' title='bbox 852 2284 940 2350; x_wconf 88' lang='lat' dir='ltr'><strong>dabit</strong></span> <span class='ocrx_word' id='word_1_203' title='bbox 949 2284 1158 2351; x_wconf 78' lang='lat' dir='ltr'><strong>differentium</strong></span> <span class='ocrx_word' id='word_1_204' title='bbox 1171 2284 1254 2350; x_wconf 86' lang='lat' dir='ltr'><strong>inter</strong></span> <span class='ocrx_word' id='word_1_205' title='bbox 1268 2282 1433 2349; x_wconf 81' lang='lat' dir='ltr'><strong>meridiem</strong></span> 
     </span>
     <span class='ocr_line' id='line_1_19' title="bbox 141 2389 1433 2482; baseline -0.002 -23"><span class='ocrx_word' id='word_1_206' title='bbox 141 2404 344 2478; x_wconf 78' lang='lat' dir='ltr'><strong>apparentem</strong></span> <span class='ocrx_word' id='word_1_207' title='bbox 358 2406 392 2459; x_wconf 86' lang='lat' dir='ltr'><strong>et</strong></span> <span class='ocrx_word' id='word_1_208' title='bbox 403 2393 567 2459; x_wconf 80' lang='lat' dir='ltr'><strong>meridiem</strong></span> <span class='ocrx_word' id='word_1_209' title='bbox 580 2392 722 2459; x_wconf 86' lang='lat' dir='ltr'><strong>medium</strong></span> <span class='ocrx_word' id='word_1_210' title='bbox 735 2392 791 2482; x_wconf 92' lang='lat' dir='ltr'><strong>qui</strong></span> <span class='ocrx_word' id='word_1_211' title='bbox 804 2392 960 2480; x_wconf 88' lang='lat' dir='ltr'><strong>eontingit</strong></span> <span class='ocrx_word' id='word_1_212' title='bbox 972 2389 1100 2479; x_wconf 78' lang='lat' dir='ltr'><strong>qrnndb</strong></span> <span class='ocrx_word' id='word_1_213' title='bbox 1112 2404 1267 2478; x_wconf 84' lang='lat' dir='ltr'><strong>prmctnm</strong></span> <span class='ocrx_word' id='word_1_214' title='bbox 1282 2390 1323 2457; x_wconf 93' lang='lat' dir='ltr'>M</span> <span class='ocrx_word' id='word_1_215' title='bbox 1337 2404 1387 2456; x_wconf 88' lang='lat' dir='ltr'><strong>est</strong></span> <span class='ocrx_word' id='word_1_216' title='bbox 1398 2390 1433 2456; x_wconf 90' lang='lat' dir='ltr'><strong>iu</strong></span> 
     </span>
     <span class='ocr_line' id='line_1_20' title="bbox 142 2502 418 2567; baseline 0.007 -2"><span class='ocrx_word' id='word_1_217' title='bbox 142 2502 319 2567; x_wconf 87' lang='lat' dir='ltr'><strong>meridiano</strong></span> <span class='ocrx_word' id='word_1_218' title='bbox 334 2502 366 2566; x_wconf 95' lang='lat' dir='ltr'><strong>T</strong></span> <span class='ocrx_word' id='word_1_219' title='bbox 382 2502 418 2567; x_wconf 86' lang='lat' dir='ltr'><strong>Z.</strong></span> 
     </span>
    </p>

    <p class='ocr_par' dir='ltr' id='par_1_5' title="bbox 141 2605 1438 3557">
     <span class='ocr_line' id='line_1_21' title="bbox 186 2605 1435 2695; baseline 0 -23"><span class='ocrx_word' id='word_1_220' title='bbox 186 2616 240 2674; x_wconf 82' lang='lat' dir='ltr'><strong>ts.</strong></span> <span class='ocrx_word' id='word_1_221' title='bbox 267 2606 378 2695; x_wconf 72' lang='lat' dir='ltr'><strong>Itaque</strong></span> <span class='ocrx_word' id='word_1_222' title='bbox 401 2619 525 2695; x_wconf 86' lang='lat' dir='ltr'><strong>tempus</strong></span> <span class='ocrx_word' id='word_1_223' title='bbox 548 2608 689 2675; x_wconf 89' lang='lat' dir='ltr'><strong>medinm</strong></span> <span class='ocrx_word' id='word_1_224' title='bbox 711 2608 744 2673; x_wconf 95' lang='lat' dir='ltr'><strong>in</strong></span> <span class='ocrx_word' id='word_1_225' title='bbox 769 2608 923 2695; x_wconf 82' lang='lat' dir='ltr'><strong>spparens</strong></span> <span class='ocrx_word' id='word_1_226' title='bbox 948 2606 994 2674; x_wconf 85' lang='lat' dir='ltr'><strong>sie</strong></span> <span class='ocrx_word' id='word_1_227' title='bbox 1022 2608 1224 2675; x_wconf 79' lang='lat' dir='ltr'><strong>convertitur.</strong></span> <span class='ocrx_word' id='word_1_228' title='bbox 1269 2605 1435 2685; x_wconf 76' lang='lat' dir='ltr'><strong>Querimr</strong></span> 
     </span>
     <span class='ocr_line' id='line_1_22' title="bbox 141 2709 1435 2805; baseline -0.001 -25"><span class='ocrx_word' id='word_1_229' title='bbox 141 2714 309 2805; x_wconf 83' lang='lat' dir='ltr'><strong>longitudo</strong></span> <span class='ocrx_word' id='word_1_230' title='bbox 333 2717 414 2782; x_wconf 87' lang='lat' dir='ltr'><strong>Solis</strong></span> <span class='ocrx_word' id='word_1_231' title='bbox 436 2728 504 2781; x_wconf 85' lang='lat' dir='ltr'><strong>tum</strong></span> <span class='ocrx_word' id='word_1_232' title='bbox 518 2716 632 2795; x_wconf 86' lang='lat' dir='ltr'><strong>modin,</strong></span> <span class='ocrx_word' id='word_1_233' title='bbox 654 2720 723 2782; x_wconf 84' lang='lat' dir='ltr'><strong>tum</strong></span> <span class='ocrx_word' id='word_1_234' title='bbox 737 2739 812 2781; x_wconf 85' lang='lat' dir='ltr'><strong>vern</strong></span> <span class='ocrx_word' id='word_1_235' title='bbox 826 2716 960 2802; x_wconf 77' lang='lat' dir='ltr'><strong>tempori</strong></span> <span class='ocrx_word' id='word_1_236' title='bbox 973 2714 1049 2780; x_wconf 79' lang='lat' dir='ltr'><strong>dato</strong></span> <span class='ocrx_word' id='word_1_237' title='bbox 1062 2714 1256 2802; x_wconf 66' lang='lat' dir='ltr'><strong>reqiondens</strong></span> <span class='ocrx_word' id='word_1_238' title='bbox 1272 2713 1344 2801; x_wconf 79' lang='lat'>(44)</span> <span class='ocrx_word' id='word_1_239' title='bbox 1359 2709 1435 2779; x_wconf 70' lang='lat' dir='ltr'><strong>inde</strong></span> 
     </span>
     <span class='ocr_line' id='line_1_23' title="bbox 144 2817 1436 2915; baseline -0.001 -26"><span class='ocrx_word' id='word_1_240' title='bbox 144 2824 265 2890; x_wconf 87' lang='lat' dir='ltr'><strong>eruitur</strong></span> <span class='ocrx_word' id='word_1_241' title='bbox 278 2824 486 2915; x_wconf 78' lang='lat' dir='ltr'><strong>longitudinis</strong></span> <span class='ocrx_word' id='word_1_242' title='bbox 499 2848 582 2892; x_wconf 84' lang='lat' dir='ltr'><strong>verae</strong></span> <span class='ocrx_word' id='word_1_243' title='bbox 596 2827 738 2891; x_wconf 77' lang='lat' dir='ltr'><strong>ascensio</strong></span> <span class='ocrx_word' id='word_1_244' title='bbox 747 2824 964 2911; x_wconf 79' lang='lat' dir='ltr'><strong>recta(14),si</strong></span> <span class='ocrx_word' id='word_1_245' title='bbox 977 2824 1047 2890; x_wconf 82' lang='lat' dir='ltr'><strong>hoeo</strong></span> <span class='ocrx_word' id='word_1_246' title='bbox 1060 2826 1162 2912; x_wconf 78' lang='lat' dir='ltr'><strong>major</strong></span> <span class='ocrx_word' id='word_1_247' title='bbox 1174 2838 1222 2890; x_wconf 85' lang='lat' dir='ltr'><strong>est</strong></span> <span class='ocrx_word' id='word_1_248' title='bbox 1235 2824 1339 2889; x_wconf 76' lang='lat' dir='ltr'><strong>medii</strong></span> <span class='ocrx_word' id='word_1_249' title='bbox 1353 2817 1436 2891; x_wconf 84' lang='lat' dir='ltr'><strong>Solis</strong></span> 
     </span>
     <span class='ocr_line' id='line_1_24' title="bbox 143 2930 1437 3021; baseline 0.001 -23"><span class='ocrx_word' id='word_1_250' title='bbox 143 2931 353 3019; x_wconf 85' lang='lat' dir='ltr'><strong>longitudine,</strong></span> <span class='ocrx_word' id='word_1_251' title='bbox 369 2932 545 2997; x_wconf 81' lang='lat' dir='ltr'><strong>differentia</strong></span> <span class='ocrx_word' id='word_1_252' title='bbox 557 2932 591 2997; x_wconf 92' lang='lat' dir='ltr'><strong>in</strong></span> <span class='ocrx_word' id='word_1_253' title='bbox 605 2944 729 3018; x_wconf 79' lang='lat' dir='ltr'><strong>tempus</strong></span> <span class='ocrx_word' id='word_1_254' title='bbox 744 2932 846 2997; x_wconf 84' lang='lat' dir='ltr'><strong>solere</strong></span> <span class='ocrx_word' id='word_1_255' title='bbox 866 2954 1017 2997; x_wconf 83' lang='lat' dir='ltr'><strong>eonversn</strong></span> <span class='ocrx_word' id='word_1_256' title='bbox 1030 2930 1223 2998; x_wconf 81' lang='lat' dir='ltr'><strong>srabtrshitur</strong></span> <span class='ocrx_word' id='word_1_257' title='bbox 1239 2955 1280 2997; x_wconf 87' lang='lat' dir='ltr'><strong>ex</strong></span> <span class='ocrx_word' id='word_1_258' title='bbox 1294 2944 1437 3021; x_wconf 81' lang='lat' dir='ltr'><strong>tempore</strong></span> 
     </span>
     <span class='ocr_line' id='line_1_25' title="bbox 142 3037 1437 3127; baseline 0.002 -24"><span class='ocrx_word' id='word_1_259' title='bbox 142 3037 249 3103; x_wconf 84' lang='lat' dir='ltr'><strong>medio</strong></span> <span class='ocrx_word' id='word_1_260' title='bbox 274 3051 311 3103; x_wconf 92' lang='lat' dir='ltr'><strong>ut</strong></span> <span class='ocrx_word' id='word_1_261' title='bbox 332 3038 388 3103; x_wconf 82' lang='lat' dir='ltr'><strong>fist</strong></span> <span class='ocrx_word' id='word_1_262' title='bbox 408 3060 573 3125; x_wconf 77' lang='lat' dir='ltr'><strong>apparens,</strong></span> <span class='ocrx_word' id='word_1_263' title='bbox 597 3038 723 3105; x_wconf 87' lang='lat' dir='ltr'><strong>additur</strong></span> <span class='ocrx_word' id='word_1_264' title='bbox 744 3038 771 3103; x_wconf 86' lang='lat' dir='ltr'><strong>si</strong></span> <span class='ocrx_word' id='word_1_265' title='bbox 791 3040 896 3103; x_wconf 89' lang='lat' dir='ltr'><strong>minor</strong></span> <span class='ocrx_word' id='word_1_266' title='bbox 913 3051 971 3105; x_wconf 85' lang='lat' dir='ltr'><strong>est.</strong></span> <span class='ocrx_word' id='word_1_267' title='bbox 1016 3040 1065 3105; x_wconf 76' lang='lat' dir='ltr'><strong>At</strong></span> <span class='ocrx_word' id='word_1_268' title='bbox 1081 3051 1207 3125; x_wconf 87' lang='lat' dir='ltr'><strong>tempus</strong></span> <span class='ocrx_word' id='word_1_269' title='bbox 1228 3062 1384 3127; x_wconf 85' lang='lat' dir='ltr'><strong>apparens</strong></span> <span class='ocrx_word' id='word_1_270' title='bbox 1402 3040 1437 3105; x_wconf 90' lang='lat' dir='ltr'><strong>in</strong></span> 
     </span>
     <span class='ocr_line' id='line_1_26' title="bbox 142 3142 1436 3233; baseline 0.003 -23"><span class='ocrx_word' id='word_1_271' title='bbox 142 3144 284 3211; x_wconf 74' lang='grc' dir='ltr'>ωοάἰιιω</span> <span class='ocrx_word' id='word_1_272' title='bbox 305 3142 350 3211; x_wconf 76' lang='lat' dir='ltr'><strong>itt</strong></span> <span class='ocrx_word' id='word_1_273' title='bbox 369 3156 519 3215; x_wconf 82' lang='lat' dir='ltr'><strong>mutatur.</strong></span> <span class='ocrx_word' id='word_1_274' title='bbox 563 3144 705 3231; x_wconf 80' lang='lat' dir='ltr'><strong>Tempus</strong></span> <span class='ocrx_word' id='word_1_275' title='bbox 720 3168 875 3232; x_wconf 76' lang='lat' dir='ltr'><strong>apparens</strong></span> <span class='ocrx_word' id='word_1_276' title='bbox 892 3157 1041 3233; x_wconf 80' lang='lat' dir='ltr'><strong>tanquam</strong></span> <span class='ocrx_word' id='word_1_277' title='bbox 1054 3144 1195 3215; x_wconf 82' lang='lat' dir='ltr'><strong>medium</strong></span> <span class='ocrx_word' id='word_1_278' title='bbox 1209 3146 1436 3226; x_wconf 75' lang='lat' dir='ltr'><strong>consideratur,</strong></span> 
     </span>
     <span class='ocr_line' id='line_1_27' title="bbox 144 3250 1438 3340; baseline 0.003 -23"><span class='ocrx_word' id='word_1_279' title='bbox 144 3262 178 3319; x_wconf 80' lang='lat' dir='ltr'><strong>ot</strong></span> <span class='ocrx_word' id='word_1_280' title='bbox 198 3251 368 3337; x_wconf 77' lang='lat' dir='ltr'><strong>inquiritur</strong></span> <span class='ocrx_word' id='word_1_281' title='bbox 387 3274 450 3339; x_wconf 88' lang='lat' dir='ltr'><strong>pro</strong></span> <span class='ocrx_word' id='word_1_282' title='bbox 461 3252 546 3319; x_wconf 83' lang='lat' dir='ltr'><strong>dato</strong></span> <span class='ocrx_word' id='word_1_283' title='bbox 562 3264 705 3339; x_wconf 81' lang='lat' dir='ltr'><strong>ternpore</strong></span> <span class='ocrx_word' id='word_1_284' title='bbox 725 3252 892 3340; x_wconf 81' lang='lat' dir='ltr'><strong>longitudo</strong></span> <span class='ocrx_word' id='word_1_285' title='bbox 904 3252 990 3321; x_wconf 80' lang='lat' dir='ltr'><strong>Solis</strong></span> <span class='ocrx_word' id='word_1_286' title='bbox 1004 3250 1072 3320; x_wconf 79' lang='lat' dir='ltr'><strong>tim</strong></span> <span class='ocrx_word' id='word_1_287' title='bbox 1086 3254 1200 3333; x_wconf 84' lang='lat' dir='ltr'><strong>media,</strong></span> <span class='ocrx_word' id='word_1_288' title='bbox 1216 3268 1283 3319; x_wconf 87' lang='lat' dir='ltr'><strong>turn</strong></span> <span class='ocrx_word' id='word_1_289' title='bbox 1298 3276 1383 3333; x_wconf 85' lang='lat' dir='ltr'><strong>vere,</strong></span> <span class='ocrx_word' id='word_1_290' title='bbox 1406 3269 1438 3321; x_wconf 86' lang='lat' dir='ltr'><strong>et</strong></span> 
     </span>
     <span class='ocr_line' id='line_1_28' title="bbox 143 3356 1438 3453; baseline 0.002 -29"><span class='ocrx_word' id='word_1_291' title='bbox 143 3356 219 3424; x_wconf 74' lang='lat' dir='ltr'><strong>inde</strong></span> <span class='ocrx_word' id='word_1_292' title='bbox 234 3360 354 3423; x_wconf 89' lang='lat' dir='ltr'><strong>eruitur</strong></span> <span class='ocrx_word' id='word_1_293' title='bbox 367 3359 572 3453; x_wconf 74' lang='lat' dir='ltr'><strong>longitudinis</strong></span> <span class='ocrx_word' id='word_1_294' title='bbox 587 3382 670 3425; x_wconf 81' lang='lat' dir='ltr'><strong>vsroe</strong></span> <span class='ocrx_word' id='word_1_295' title='bbox 685 3362 826 3425; x_wconf 79' lang='lat' dir='ltr'><strong>escensio</strong></span> <span class='ocrx_word' id='word_1_296' title='bbox 840 3372 942 3437; x_wconf 81' lang='lat' dir='ltr'><strong>rectn3</strong></span> <span class='ocrx_word' id='word_1_297' title='bbox 965 3359 992 3431; x_wconf 79' lang='lat' dir='ltr'><strong>si</strong></span> <span class='ocrx_word' id='word_1_298' title='bbox 1005 3362 1076 3427; x_wconf 79' lang='lat' dir='ltr'><strong>haec</strong></span> <span class='ocrx_word' id='word_1_299' title='bbox 1085 3361 1222 3427; x_wconf 84' lang='lat' dir='ltr'><strong>mediam</strong></span> <span class='ocrx_word' id='word_1_300' title='bbox 1239 3362 1322 3429; x_wconf 90' lang='lat' dir='ltr'><strong>Solis</strong></span> <span class='ocrx_word' id='word_1_301' title='bbox 1335 3362 1438 3450; x_wconf 87' lang='lat' dir='ltr'><strong>longi·</strong></span> 
     </span>
     <span class='ocr_line' id='line_1_29' title="bbox 144 3467 1438 3557; baseline 0.002 -24"><span class='ocrx_word' id='word_1_302' title='bbox 144 3467 288 3533; x_wconf 85' lang='lat' dir='ltr'><strong>tudinem</strong></span> <span class='ocrx_word' id='word_1_303' title='bbox 307 3482 444 3555; x_wconf 88' lang='lat' dir='ltr'><strong>superat,</strong></span> <span class='ocrx_word' id='word_1_304' title='bbox 467 3468 644 3533; x_wconf 77' lang='lat' dir='ltr'><strong>differentis</strong></span> <span class='ocrx_word' id='word_1_305' title='bbox 664 3470 698 3535; x_wconf 91' lang='lat' dir='ltr'><strong>in</strong></span> <span class='ocrx_word' id='word_1_306' title='bbox 719 3482 844 3555; x_wconf 89' lang='lat' dir='ltr'><strong>tempus</strong></span> <span class='ocrx_word' id='word_1_307' title='bbox 867 3470 968 3535; x_wconf 85' lang='lat' dir='ltr'><strong>solere</strong></span> <span class='ocrx_word' id='word_1_308' title='bbox 986 3491 1137 3535; x_wconf 80' lang='lat' dir='ltr'><strong>converse</strong></span> <span class='ocrx_word' id='word_1_309' title='bbox 1157 3469 1284 3535; x_wconf 78' lang='lat' dir='ltr'><strong>additur</strong></span> <span class='ocrx_word' id='word_1_310' title='bbox 1302 3471 1438 3557; x_wconf 86' lang='lat' dir='ltr'><strong>tempori</strong></span> 
     </span>
    </p>
   </div>
   <div class='ocr_carea' id='block_1_5' title="bbox 18 3572 1440 3881">
    <p class='ocr_par' dir='ltr' id='par_1_6' title="bbox 18 3572 1440 3881">
     <span class='ocr_line' id='line_1_30' title="bbox 18 3572 1440 3663; baseline 0.003 -26"><span class='ocrx_word' id='word_1_311' title='bbox 18 3572 19 3585; x_wconf 51' lang='lat'><strong>³</strong></span> <span class='ocrx_word' id='word_1_312' title='bbox 145 3574 310 3659; x_wconf 77' lang='lat' dir='ltr'><strong>apparenti</strong></span> <span class='ocrx_word' id='word_1_313' title='bbox 324 3584 360 3637; x_wconf 90' lang='lat' dir='ltr'><strong>ut</strong></span> <span class='ocrx_word' id='word_1_314' title='bbox 373 3575 430 3639; x_wconf 85' lang='lat' dir='ltr'><strong>fist</strong></span> <span class='ocrx_word' id='word_1_315' title='bbox 442 3574 591 3639; x_wconf 86' lang='lat' dir='ltr'><strong>medium.</strong></span> <span class='ocrx_word' id='word_1_316' title='bbox 624 3574 660 3640; x_wconf 86' lang='lat' dir='ltr'><strong>Si</strong></span> <span class='ocrx_word' id='word_1_317' title='bbox 670 3572 748 3639; x_wconf 82' lang='lat' dir='ltr'><strong>&#39;verb</strong></span> <span class='ocrx_word' id='word_1_318' title='bbox 762 3572 967 3663; x_wconf 89' lang='lat' dir='ltr'><strong>longitudinis</strong></span> <span class='ocrx_word' id='word_1_319' title='bbox 981 3598 1064 3641; x_wconf 79' lang='lat' dir='ltr'><strong>verte</strong></span> <span class='ocrx_word' id='word_1_320' title='bbox 1078 3576 1220 3640; x_wconf 81' lang='lat' dir='ltr'><strong>ascensio</strong></span> <span class='ocrx_word' id='word_1_321' title='bbox 1233 3590 1320 3640; x_wconf 83' lang='lat' dir='ltr'><strong>recto</strong></span> <span class='ocrx_word' id='word_1_322' title='bbox 1335 3577 1440 3641; x_wconf 89' lang='lat' dir='ltr'><strong>minor</strong></span> 
     </span>
     <span class='ocr_line' id='line_1_31' title="bbox 18 3680 1439 3771; baseline -0.001 -22"><span class='ocrx_word' id='word_1_323' title='bbox 18 3708 19 3715; x_wconf 51' lang='lat'>¹</span> <span class='ocrx_word' id='word_1_324' title='bbox 145 3695 194 3749; x_wconf 81' lang='lat' dir='ltr'><strong>est</strong></span> <span class='ocrx_word' id='word_1_325' title='bbox 211 3682 316 3749; x_wconf 73' lang='lat' dir='ltr'><strong>medii</strong></span> <span class='ocrx_word' id='word_1_326' title='bbox 338 3684 420 3749; x_wconf 86' lang='lat' dir='ltr'><strong>Solis</strong></span> <span class='ocrx_word' id='word_1_327' title='bbox 437 3684 644 3771; x_wconf 90' lang='lat' dir='ltr'><strong>longitndine,</strong></span> <span class='ocrx_word' id='word_1_328' title='bbox 665 3680 843 3748; x_wconf 87' lang='lat' dir='ltr'><strong>differentia</strong></span> <span class='ocrx_word' id='word_1_329' title='bbox 856 3683 891 3748; x_wconf 91' lang='lat' dir='ltr'><strong>in</strong></span> <span class='ocrx_word' id='word_1_330' title='bbox 905 3696 1029 3769; x_wconf 82' lang='lat' dir='ltr'><strong>tempus</strong></span> <span class='ocrx_word' id='word_1_331' title='bbox 1044 3682 1146 3750; x_wconf 83' lang='lat' dir='ltr'><strong>solere</strong></span> <span class='ocrx_word' id='word_1_332' title='bbox 1161 3706 1313 3750; x_wconf 84' lang='lat' dir='ltr'><strong>conversa</strong></span> <span class='ocrx_word' id='word_1_333' title='bbox 1326 3708 1346 3749; x_wconf 88' lang='lat' dir='ltr'><strong>s</strong></span> <span class='ocrx_word' id='word_1_334' title='bbox 1359 3699 1439 3748; x_wconf 80' lang='lat' dir='ltr'><strong>tem-</strong></span> 
     </span>
     <span class='ocr_line' id='line_1_32' title="bbox 18 3790 1439 3881; baseline 0.001 -25"><span class='ocrx_word' id='word_1_335' title='bbox 18 3868 19 3871; x_wconf 9' lang='lat'><em>*</em></span> <span class='ocrx_word' id='word_1_336' title='bbox 144 3812 224 3876; x_wconf 88' lang='lat' dir='ltr'><strong>pore</strong></span> <span class='ocrx_word' id='word_1_337' title='bbox 244 3805 414 3878; x_wconf 84' lang='lat' dir='ltr'><strong>apparente</strong></span> <span class='ocrx_word' id='word_1_338' title='bbox 437 3792 630 3857; x_wconf 88' lang='lat' dir='ltr'><strong>subducitur.</strong></span> <span class='ocrx_word' id='word_1_339' title='bbox 676 3790 774 3868; x_wconf 88' lang='lat' dir='ltr'><strong>Quod</strong></span> <span class='ocrx_word' id='word_1_340' title='bbox 793 3792 820 3857; x_wconf 93' lang='lat' dir='ltr'><strong>si</strong></span> <span class='ocrx_word' id='word_1_341' title='bbox 841 3791 946 3857; x_wconf 86' lang='lat' dir='ltr'><strong>media</strong></span> <span class='ocrx_word' id='word_1_342' title='bbox 966 3792 1048 3859; x_wconf 82' lang='lat' dir='ltr'><strong>Solis</strong></span> <span class='ocrx_word' id='word_1_343' title='bbox 1066 3792 1232 3881; x_wconf 90' lang='lat' dir='ltr'><strong>longitudo</strong></span> <span class='ocrx_word' id='word_1_344' title='bbox 1249 3794 1378 3881; x_wconf 74' lang='lat' dir='ltr'><strong>aequalis</strong></span> <span class='ocrx_word' id='word_1_345' title='bbox 1399 3792 1439 3858; x_wconf 89' lang='lat' dir='ltr'><strong>sit</strong></span> 
     </span>
    </p>
   </div>
   <div class='ocr_carea' id='block_1_6' title="bbox 145 3900 1441 4524">
    <p class='ocr_par' dir='ltr' id='par_1_7' title="bbox 145 3900 1441 4524">
     <span class='ocr_line' id='line_1_33' title="bbox 147 3900 1438 3993; baseline 0.003 -30"><span class='ocrx_word' id='word_1_346' title='bbox 147 3902 322 3965; x_wconf 80' lang='lat' dir='ltr'><strong>ascensioni</strong></span> <span class='ocrx_word' id='word_1_347' title='bbox 336 3912 431 3965; x_wconf 76' lang='lat' dir='ltr'><strong>rectas</strong></span> <span class='ocrx_word' id='word_1_348' title='bbox 444 3900 648 3988; x_wconf 90' lang='lat' dir='ltr'><strong>longitudinis</strong></span> <span class='ocrx_word' id='word_1_349' title='bbox 663 3924 756 3979; x_wconf 85' lang='lat' dir='ltr'><strong>verae,</strong></span> <span class='ocrx_word' id='word_1_350' title='bbox 779 3914 904 3987; x_wconf 90' lang='lat' dir='ltr'><strong>tempus</strong></span> <span class='ocrx_word' id='word_1_351' title='bbox 919 3926 1072 3989; x_wconf 85' lang='lat' dir='ltr'><strong>apparens</strong></span> <span class='ocrx_word' id='word_1_352' title='bbox 1086 3904 1232 3993; x_wconf 86' lang='lat' dir='ltr'><strong>congruit</strong></span> <span class='ocrx_word' id='word_1_353' title='bbox 1246 3927 1318 3970; x_wconf 91' lang='lat' dir='ltr'><strong>cum</strong></span> <span class='ocrx_word' id='word_1_354' title='bbox 1332 3904 1438 3968; x_wconf 89' lang='lat' dir='ltr'><strong>medio</strong></span> 
     </span>
     <span class='ocr_line' id='line_1_34' title="bbox 145 4006 1439 4098; baseline 0.002 -26"><span class='ocrx_word' id='word_1_355' title='bbox 145 4006 295 4095; x_wconf 73' lang='lat' dir='ltr'><strong>nullique</strong></span> <span class='ocrx_word' id='word_1_356' title='bbox 320 4022 392 4097; x_wconf 86' lang='lat' dir='ltr'><strong>eget</strong></span> <span class='ocrx_word' id='word_1_357' title='bbox 418 4009 601 4094; x_wconf 79' lang='lat' dir='ltr'><strong>oequstione.</strong></span> <span class='ocrx_word' id='word_1_358' title='bbox 649 4008 734 4073; x_wconf 86' lang='lat' dir='ltr'><strong>Hsee</strong></span> <span class='ocrx_word' id='word_1_359' title='bbox 759 4010 866 4073; x_wconf 89' lang='lat' dir='ltr'><strong>omnia</strong></span> <span class='ocrx_word' id='word_1_360' title='bbox 885 4032 927 4074; x_wconf 82' lang='lat' dir='ltr'><strong>ex</strong></span> <span class='ocrx_word' id='word_1_361' title='bbox 951 4009 1164 4076; x_wconf 82' lang='lat' dir='ltr'><strong>modb&#39;dictis</strong></span> <span class='ocrx_word' id='word_1_362' title='bbox 1186 4012 1255 4098; x_wconf 80' lang='lat'><strong>(46)</strong></span> <span class='ocrx_word' id='word_1_363' title='bbox 1275 4011 1439 4076; x_wconf 77' lang='lat' dir='ltr'><strong>manifesta</strong></span> 
     </span>
     <span class='ocr_line' id='line_1_35' title="bbox 147 4116 1440 4204; baseline -0.001 -22"><span class='ocrx_word' id='word_1_364' title='bbox 147 4130 240 4196; x_wconf 83' lang='lat' dir='ltr'><strong>sunt3</strong></span> <span class='ocrx_word' id='word_1_365' title='bbox 264 4118 292 4183; x_wconf 88' lang='lat' dir='ltr'><strong>si</strong></span> <span class='ocrx_word' id='word_1_366' title='bbox 306 4119 390 4181; x_wconf 89' lang='lat' dir='ltr'><strong>enim</strong></span> <span class='ocrx_word' id='word_1_367' title='bbox 403 4128 557 4204; x_wconf 88' lang='lat' dir='ltr'><strong>punctum</strong></span> <span class='ocrx_word' id='word_1_368' title='bbox 571 4116 605 4183; x_wconf 95' lang='lat' dir='ltr'>D</span> <span class='ocrx_word' id='word_1_369' title='bbox 621 4130 668 4182; x_wconf 87' lang='lat' dir='ltr'><strong>est</strong></span> <span class='ocrx_word' id='word_1_370' title='bbox 682 4117 862 4181; x_wconf 79' lang='lat' dir='ltr'><strong>orientalius</strong></span> <span class='ocrx_word' id='word_1_371' title='bbox 876 4130 995 4204; x_wconf 87' lang='lat' dir='ltr'><strong>puncto</strong></span> <span class='ocrx_word' id='word_1_372' title='bbox 1010 4118 1061 4198; x_wconf 92' lang='lat' dir='ltr'><strong>M,</strong></span> <span class='ocrx_word' id='word_1_373' title='bbox 1074 4119 1138 4184; x_wconf 88' lang='lat' dir='ltr'><strong>boe</strong></span> <span class='ocrx_word' id='word_1_374' title='bbox 1153 4118 1243 4184; x_wconf 88' lang='lat' dir='ltr'><strong>citids</strong></span> <span class='ocrx_word' id='word_1_375' title='bbox 1257 4118 1299 4184; x_wconf 87' lang='lat' dir='ltr'><strong>nd</strong></span> <span class='ocrx_word' id='word_1_376' title='bbox 1312 4116 1440 4183; x_wconf 84' lang='lat' dir='ltr'><strong>meridi-</strong></span> 
     </span>
     <span class='ocr_line' id='line_1_36' title="bbox 148 4220 1440 4313; baseline 0.002 -26"><span class='ocrx_word' id='word_1_377' title='bbox 148 4244 245 4287; x_wconf 85' lang='lat' dir='ltr'><strong>snum</strong></span> <span class='ocrx_word' id='word_1_378' title='bbox 261 4223 293 4290; x_wconf 91' lang='lat' dir='ltr'>T</span> <span class='ocrx_word' id='word_1_379' title='bbox 306 4224 342 4302; x_wconf 84' lang='lat' dir='ltr'><strong>Z,</strong></span> <span class='ocrx_word' id='word_1_380' title='bbox 357 4224 501 4309; x_wconf 90' lang='lat' dir='ltr'><strong>pervenit</strong></span> <span class='ocrx_word' id='word_1_381' title='bbox 514 4222 608 4309; x_wconf 76' lang='lat' dir='ltr'><strong>quim</strong></span> <span class='ocrx_word' id='word_1_382' title='bbox 622 4220 712 4301; x_wconf 83' lang='lat' dir='ltr'><strong>illud,</strong></span> <span class='ocrx_word' id='word_1_383' title='bbox 729 4247 766 4289; x_wconf 87' lang='lat' dir='ltr'><strong>ac</strong></span> <span class='ocrx_word' id='word_1_384' title='bbox 779 4224 915 4311; x_wconf 90' lang='lat' dir='ltr'><strong>proinde</strong></span> <span class='ocrx_word' id='word_1_385' title='bbox 927 4224 1008 4289; x_wconf 81' lang='lat' dir='ltr'><strong>horn</strong></span> <span class='ocrx_word' id='word_1_386' title='bbox 1024 4232 1077 4290; x_wconf 72' lang='lat'><strong>12⁸</strong></span> <span class='ocrx_word' id='word_1_387' title='bbox 1086 4227 1237 4313; x_wconf 88' lang='lat' dir='ltr'><strong>temporis</strong></span> <span class='ocrx_word' id='word_1_388' title='bbox 1247 4224 1343 4290; x_wconf 88' lang='lat' dir='ltr'><strong>medii</strong></span> <span class='ocrx_word' id='word_1_389' title='bbox 1354 4248 1440 4290; x_wconf 90' lang='lat' dir='ltr'><strong>com-</strong></span> 
     </span>
     <span class='ocr_line' id='line_1_37' title="bbox 147 4327 1441 4417; baseline 0.003 -25"><span class='ocrx_word' id='word_1_390' title='bbox 147 4340 287 4415; x_wconf 83' lang='lat' dir='ltr'><strong>putetur,</strong></span> <span class='ocrx_word' id='word_1_391' title='bbox 314 4327 387 4394; x_wconf 84' lang='lat' dir='ltr'><strong>edm</strong></span> <span class='ocrx_word' id='word_1_392' title='bbox 410 4327 552 4393; x_wconf 84' lang='lat' dir='ltr'><strong>nonddm</strong></span> <span class='ocrx_word' id='word_1_393' title='bbox 575 4340 622 4394; x_wconf 88' lang='lat' dir='ltr'><strong>est</strong></span> <span class='ocrx_word' id='word_1_394' title='bbox 642 4328 789 4393; x_wconf 89' lang='lat' dir='ltr'><strong>meridies</strong></span> <span class='ocrx_word' id='word_1_395' title='bbox 811 4331 962 4417; x_wconf 90' lang='lat' dir='ltr'><strong>temporis</strong></span> <span class='ocrx_word' id='word_1_396' title='bbox 982 4332 1172 4416; x_wconf 83' lang='lat' dir='ltr'><strong>apparentis,</strong></span> <span class='ocrx_word' id='word_1_397' title='bbox 1195 4345 1227 4397; x_wconf 90' lang='lat' dir='ltr'><strong>et</strong></span> <span class='ocrx_word' id='word_1_398' title='bbox 1247 4331 1441 4397; x_wconf 87' lang='lat' dir='ltr'><strong>contrarium</strong></span> 
     </span>
     <span class='ocr_line' id='line_1_38' title="bbox 150 4434 1441 4524; baseline 0.004 -24"><span class='ocrx_word' id='word_1_399' title='bbox 150 4435 314 4521; x_wconf 79' lang='lat' dir='ltr'><strong>contingit,</strong></span> <span class='ocrx_word' id='word_1_400' title='bbox 339 4436 366 4497; x_wconf 89' lang='lat' dir='ltr'><strong>si</strong></span> <span class='ocrx_word' id='word_1_401' title='bbox 389 4446 542 4520; x_wconf 88' lang='lat' dir='ltr'><strong>punctum</strong></span> <span class='ocrx_word' id='word_1_402' title='bbox 565 4434 600 4501; x_wconf 92' lang='lat' dir='ltr'>D</span> <span class='ocrx_word' id='word_1_403' title='bbox 625 4435 746 4521; x_wconf 76' lang='lat' dir='ltr'><strong>puncto</strong></span> <span class='ocrx_word' id='word_1_404' title='bbox 768 4434 809 4501; x_wconf 94' lang='lat' dir='ltr'>M</span> <span class='ocrx_word' id='word_1_405' title='bbox 830 4436 925 4502; x_wconf 79' lang='lat' dir='ltr'><strong>luerit</strong></span> <span class='ocrx_word' id='word_1_406' title='bbox 947 4437 1179 4503; x_wconf 86' lang='lat' dir='ltr'><strong>occidentalius.</strong></span> <span class='ocrx_word' id='word_1_407' title='bbox 1224 4438 1291 4504; x_wconf 92' lang='lat' dir='ltr'><strong>Ubi</strong></span> <span class='ocrx_word' id='word_1_408' title='bbox 1316 4451 1441 4524; x_wconf 83' lang='lat' dir='ltr'><strong>tempus</strong></span> 
     </span>
    </p>
   </div>
   <div class='ocr_carea' id='block_1_7' title="bbox 151 4542 1441 4707">
    <p class='ocr_par' dir='ltr' id='par_1_8' title="bbox 151 4542 1441 4707">
     <span class='ocr_line' id='line_1_39' title="bbox 151 4542 1441 4636; baseline 0.006 -30"><span class='ocrx_word' id='word_1_409' title='bbox 151 4562 307 4629; x_wconf 86' lang='lat' dir='ltr'><strong>apparens</strong></span> <span class='ocrx_word' id='word_1_410' title='bbox 322 4543 354 4606; x_wconf 92' lang='lat' dir='ltr'><strong>in</strong></span> <span class='ocrx_word' id='word_1_411' title='bbox 369 4542 510 4608; x_wconf 88' lang='lat' dir='ltr'><strong>medium</strong></span> <span class='ocrx_word' id='word_1_412' title='bbox 524 4554 650 4630; x_wconf 84' lang='lat' dir='ltr'><strong>oportet</strong></span> <span class='ocrx_word' id='word_1_413' title='bbox 665 4545 814 4623; x_wconf 86' lang='lat' dir='ltr'><strong>converti,</strong></span> <span class='ocrx_word' id='word_1_414' title='bbox 830 4556 972 4631; x_wconf 79' lang='lat' dir='ltr'><strong>tempore</strong></span> <span class='ocrx_word' id='word_1_415' title='bbox 982 4548 1151 4634; x_wconf 83' lang='lat' dir='ltr'><strong>apparente</strong></span> <span class='ocrx_word' id='word_1_416' title='bbox 1162 4546 1278 4612; x_wconf 85' lang='lat' dir='ltr'><strong>utimur</strong></span> <span class='ocrx_word' id='word_1_417' title='bbox 1292 4561 1441 4636; x_wconf 78' lang='lat' dir='ltr'><strong>tunquam</strong></span> 
     </span>
     <span class='ocr_line' id='line_1_40' title="bbox 767 4658 820 4707; baseline 0 0"><span class='ocrx_word' id='word_1_418' title='bbox 767 4658 787 4707; x_wconf 88' lang='lat' dir='ltr'>C</span> <span class='ocrx_word' id='word_1_419' title='bbox 804 4662 820 4707; x_wconf 74' lang='grc'><strong>3</strong></span> 
     </span>
    </p>
   </div>
   <div class='ocr_carea' id='block_1_8' title="bbox 0 0 1668 5517">
    <p class='ocr_par' dir='ltr' id='par_1_9' title="bbox 0 0 1668 5517">
     <span class='ocr_line' id='line_1_41' title="bbox 0 0 1668 5517; baseline 0 0"><span class='ocrx_word' id='word_1_420' title='bbox 0 0 1668 5517; x_wconf 95' lang='lat' dir='ltr'><strong> </strong></span> 
     </span>
    </p>
   </div>
  </div>
 </body>
</html>
