3284 5517
454 369 646 444 sunaus
667 377 730 445 nc
753 377 1009 446 nnsuuxns
1032 379 1191 446 Mnn1s.
1395 381 1469 480 aaa
1537 435 1539 442 Α

179 538 291 606 nica
314 525 419 608 luem
444 543 610 610 amenus
630 547 664 610 n
683 529 751 632 ips
773 547 893 633 mayn
915 559 963 612 at
982 549 1094 633 posin
1117 546 1155 614 a
1177 547 1263 634 qud
1284 547 1344 614 aa
1363 559 1468 616 meu

49 709 53 715 .
177 647 274 712 maris
288 649 465 733 reciprocus
486 673 615 735 prorsus
629 654 670 717 sit
682 653 824 718 diversus
838 654 879 717 ab
893 653 1037 719 omnibus
1055 653 1331 720 oscillationibusa
1344 654 1467 720 mathc-

177 753 299 818 maticis
319 754 423 820 adbuc
445 757 665 822 consideratis:
687 759 768 822 vires
790 761 875 824 enim
898 760 1000 824 Lunoe
1014 781 1052 824 ac
1067 759 1149 825 Solis
1164 779 1250 826 mare
1264 759 1467 829 sollicitantes

178 880 281 946 neque
303 884 324 924 a
348 861 409 925 situ
432 865 573 948 corporis
594 864 773 942 oscillantis,
798 887 903 952 neque
923 866 964 931 ab
984 867 1050 951 ejus
1072 865 1229 932 celetitate
1249 866 1398 952 pendent,
1420 866 1468 935 uti

176 967 212 1032 id
232 989 292 1032 usn
312 969 398 1034 venit
417 970 452 1034 in
473 971 619 1036 omnibus
633 971 862 1038 οςάΙΙιῑίοιιιιω
876 959 999 1038 casibus
1019 973 1113 1038 etiam
1127 993 1214 1048 nuuc
1227 975 1387 1058 expositis
1410 973 1468 1038 sed

177 1096 225 1140 eoe
238 1076 319 1140 vires
340 1099 360 1140 a
380 1077 443 1141 situ
464 1077 664 1144 luminarium
676 1091 821 1164 respectu
836 1078 957 1156 Terrae,
968 1078 1115 1164 ¹ideisque
1128 1101 1149 1143 a
1163 1091 1304 1164 tempure
1318 1079 1468 1146 determi-

175 1197 301 1263 nantur,
325 1185 498 1270 cujusmodi
518 1185 726 1252 oscillationes
746 1207 841 1250 namo
862 1185 976 1264 adhuc,
999 1198 1151 1271 quantum
1178 1185 1305 1274 quidem
1330 1198 1462 1265 constat,

49 1370 51 1373 ¹
177 1293 298 1358 cuculo
319 1294 460 1379 subjecit

219 1407 244 1484 §.
260 1408 312 1469 75.
335 1401 434 1478 Quod
447 1401 574 1488 quidun
588 1402 630 1467 ad
642 1403 780 1489 priorem
795 1403 1008 1470 difficultatem
1023 1402 1184 1490 physicam
1198 1404 1318 1481 attinet,
1339 1425 1390 1468 res
1403 1402 1466 1466 hoc

177 1507 304 1596 quidem
325 1521 466 1594 tempore
483 1509 548 1574 fere
569 1509 734 1594 desperata
747 1509 890 1587 videtum
913 1531 1101 1596 quamquam
1115 1509 1198 1574 enim
1212 1509 1253 1574 ab
1268 1509 1372 1596 aliquo
1386 1521 1465 1574 tem-

176 1639 255 1702 pore
274 1616 396 1681 theoria
417 1615 521 1680 monis
542 1638 693 1704 aquarum
715 1617 853 1704 ingentia
876 1618 916 1681 sit
935 1626 1076 1680 assecuta
1092 1617 1292 1694 merementa,
1308 1627 1413 1680 tamen
1428 1639 1466 1680 ea

177 1723 372 1809 potissimum
387 1735 508 1787 motum
522 1745 673 1808 aquarum
695 1724 729 1788 in
741 1723 824 1788 vasis
839 1736 871 1789 et
884 1723 967 1793 tubis
981 1723 1145 1789 fluentium
1158 1723 1339 1807 respiciunt,
1363 1745 1466 1810 neque

175 1835 231 1898 rix
262 1833 362 1896 ullum
393 1832 593 1897 commodum
622 1832 697 1896 inde
725 1831 767 1896 ad
794 1843 916 1896 motum
944 1829 1053 1894 oomni
1087 1828 1301 1894 definiendum
1331 1828 1466 1894 derivari
1588 1887 1591 1895 .

176 1956 289 2030 potest
335 1941 551 2020 Quamobrem
572 1943 605 2008 in
626 1941 689 2006 hoc
702 1943 831 2029 negotio
846 1941 932 2006 aliud
945 1941 1112 2028 quicquam
1135 1953 1284 2028 prestare
1297 1961 1362 2006 non
1377 1941 1461 2020 licet,

176 3189 237 3253 nisi
257 3201 294 3254 ut
312 3190 537 3277 hypothesibus
559 3191 754 3278 effingendis,
777 3212 849 3278 quoe
869 3190 1033 3256 averitate
1048 3187 1143 3276 quim
1156 3187 1285 3253 minim&
1301 3187 1461 3266 abludant,

177 3312 243 3363 tota
256 3301 387 3386 quaestio
401 3302 443 3365 ad
456 3301 718 3366 considerationes
734 3299 813 3388 pure
832 3302 1036 3388 geometricas
1051 3313 1082 3364 et
1096 3300 1264 3386 analyticas
1280 3311 1462 3364 revocetur:

177 3405 305 3470 alteram
330 3422 434 3474 autem
457 3407 670 3472 difficultatem
692 3407 953 3486 mathematicam,
977 3409 1098 3473 etiamsi
1119 3408 1308 3473 difficillimis
1327 3408 1469 3494 integra·

176 3512 314 3576 tionibus
340 3515 380 3578 sit
404 3506 680 3592 involuta'tamen
703 3514 836 3580 feliciter
861 3537 1010 3600 superare
1035 3513 1232 3580 confidimns.
1291 3515 1469 3580 considero

178 3619 295 3686 sedicet
315 3621 511 3705 superficiem
532 3643 622 3708 aquae
645 3622 677 3686 R
693 3623 727 3700 S,
750 3643 821 3708 quae
841 3622 902 3688 hoc
922 3621 955 3686 in
975 3621 1036 3686 situ
1051 3621 1259 3708 aequilibrium
1273 3631 1377 3686 teneat
1393 3642 1467 3685 cum

175 3724 299 3811 reliqua
322 3749 412 3813 aqua,
439 3729 565 3792 remotis
590 3728 708 3823 viribus
733 3729 889 3806 externis3
920 3729 970 3794 his
995 3727 1070 3794 vero
1092 3729 1310 3794 accedentibus
1337 3729 1467 3793 alternis
1498 3711 1499 3716 ἵ

178 3833 296 3898 vicibus
311 3836 468 3901 attollatur
482 3836 516 3900 in
537 3837 578 3914 A,
602 3835 854 3924 deprimaturque
875 3838 908 3899 in
932 3836 970 3901 B.
1016 3835 1114 3914 Quhd
1129 3837 1155 3900 si
1169 3837 1265 3924 igitur
1279 3857 1361 3922 aqua
1375 3837 1408 3898 in
1425 3833 1466 3900 M

180 3964 278 4028 usque
300 3942 340 4006 sit
360 3942 516 4030 depressa,
539 3955 631 4031 atque
653 3957 792 4008 externa·
811 3945 893 4008 vires
915 3943 996 4009 Solis
1011 3967 1048 4008 ac
1064 3944 1166 4007 Lunae
1181 3941 1284 4008 subitd
1300 3956 1467 4020 cessarent,

179 4059 246 4111 nam
270 4049 302 4110 vi
325 4051 485 4136 gravitatis
507 4051 644 4135 propriae
666 4063 833 4114 conaretur
856 4071 923 4114 sese
948 4049 1069 4113 elevare
1092 4049 1246 4133 usquein
1270 4047 1363 4112 situm
1387 4049 1418 4113 R
1443 4051 1466 4114 S

180 4143 364 4232 naturalem,
388 4157 506 4240 isteque
521 4173 650 4221 conatus
665 4156 703 4221 ed
717 4157 777 4220 erit
791 4158 901 4242 major,
924 4153 987 4241 qud
1001 4158 1101 4241 majus
1116 4154 1210 4219 fuerit
1224 4156 1360 4240 spatium
1382 4154 1410 4218 C
1429 4155 1467 4220 M

182 4284 246 4348 quo
266 4285 286 4326 a
307 4263 367 4325 situ
388 4262 522 4326 naturali
543 4263 645 4326 distat.
690 4262 867 4327 Areritate
880 4262 984 4348 itaque
998 4283 1062 4326 non
1077 4261 1210 4326 multum
1226 4261 1419 4338 recedemus,
1442 4262 1470 4324 si

182 4369 265 4433 hanc
278 4367 341 4430 vim
360 4368 427 4451 ipsi
443 4367 543 4452 spatio
567 4367 650 4432 MC
671 4389 826 4452 ponamus
840 4367 1125 4453 proportionalem:
1149 4366 1352 4452 quamobrem
1367 4368 1472 4452 posito

182 4479 284 4564 spatio
307 4477 347 4542 M
363 4477 471 4541 C=s
493 4477 552 4540 erit
570 4477 626 4554 vis,
649 4497 719 4560 qnae
741 4499 831 4562 aquae
854 4475 1051 4562 superficiem
1074 4476 1106 4538 in
1128 4474 1168 4539 M
1182 4497 1282 4562 usque
1296 4475 1475 4562 depressam

183 4625 303 4692 attollet
316 4654 351 4680 ==
364 4611 414 4770 ἐ,
431 4645 502 4712 quoe
517 4622 698 4710 hypothesis
707 4623 748 4688 ud
758 4625 920 4692 veritatem
935 4624 973 4690 cd
987 4623 1117 4712 propiris
1127 4626 1258 4704 accedit,
1269 4623 1354 4713 quhd
1365 4637 1477 4712 sponte
