3284 5517
264 366 342 411 xxrv
521 370 523 375 ·
743 362 1079 445 INTRODUCTIO
1104 432 1107 440 ,
1387 394 1487 476 [Car.
1504 400 1548 467 ΙΙ.

262 518 462 607 Maupertuis
472 526 701 597 nobilissimum
712 556 792 621 opus
806 540 847 605 de
861 542 963 632 spise
977 550 1099 619 telluris
1111 578 1171 643 per
1182 558 1415 635 &medones
1434 574 1475 638 ad
1488 577 1546 642 cit.

261 626 366 693 culum
380 630 519 715 polarern
535 636 675 705 definiti.
1345 721 1348 728 ,

302 742 354 805 27.
380 738 538 808 Refractio
552 745 661 813 sideris
676 748 927 838 declinationem,
943 768 1158 837 ascensionem
1172 788 1301 858 motam,
1316 781 1545 873 longiudinem

257 862 295 906 ac
323 843 519 914 latitudinem
548 852 643 919 allicit
672 868 705 922 et
733 880 825 926 arcus
854 866 964 932 circrdi
991 876 1122 943 maximi
1144 904 1210 969 qno
1234 886 1347 955 sideris
1366 892 1543 977 declinatio,

255 954 396 1017 ascensio
418 970 512 1035 recta,
533 958 698 1049 longitudo
717 978 750 1031 et
770 968 905 1036 latitudo
924 977 1078 1049 minuiterr
1096 985 1146 1054 vel
1164 1006 1298 1082 atigetur
1310 1019 1371 1085 per
1383 1002 1543 1072 refractio·

253 1060 475 1137 nem,'dicitur
494 1064 641 1133 refractio
660 1069 875 1142 declinationis
888 1082 939 1146 vel
1518 1139 1525 1154 ι

252 1169 442 1235 ascensionis
456 1184 561 1253 rectae,
583 1178 659 1255 διας
681 1194 714 1245 at
728 1204 768 1246 ex
782 1183 856 1250 dati
870 1186 941 1253 alti·

245 1708 320 1775 indd
343 1713 498 1798 reperitur
521 1717 602 1783 lutus
627 1744 643 1785 s
670 1722 698 1787 P
721 1746 793 1789 curn
817 1730 937 1816 angulo
1069 1789 1075 1810 ,

151 1808 154 1813 ’
245 1840 261 1881 s
284 1818 312 1883 P
335 1819 362 1883 Z
383 1824 472 1908 cujus
493 1846 642 1892 rnensura
663 1841 711 1894 est
731 1854 824 1898 arcus
838 1834 935 1917 AEd,
980 1788 1015 1847 Η

241 1924 327 1993 uude
351 1927 425 1994 ctlm
448 1931 541 1997 detur
565 1956 656 2001 arcus
676 1936 722 2003 AE
742 1939 787 2019 D,
808 1941 936 2009 dabitur

240 2056 332 2101 arcus
354 2036 377 2103 d
395 2038 430 2105 D
450 2040 594 2107 refractio
619 2047 809 2113 ascensionis
837 2062 934 2115 rectae

238 2142 350 2211 sideris
374 2147 415 2224 S;
437 2160 470 2213 et
491 2150 565 2237 quia
582 2151 698 2217 dantur
717 2178 808 2220 arcus
827 2157 927 2224 dset

237 2251 273 2317 D
290 2253 324 2330 S,
340 2252 467 2319 dabitur
481 2254 575 2319 etiam
594 2256 709 2321 horum
730 2280 861 2326 arcuum
881 2259 1067 2337 diffamia,
1083 2278 1155 2343 quae
1168 2268 1216 2319 est
1230 2256 1376 2325 refractio
1389 2258 1530 2326 declina·

236 2360 339 2426 tionis.
385 2362 451 2429 Sed
470 2364 552 2429 datis
575 2365 784 2433 declinatione
805 2380 838 2433 et
859 2370 1043 2435 ascensione
1066 2363 1171 2431 recti:
1196 2366 1307 2451 puncti
1331 2368 1468 2452 cujusvis
1493 2369 1529 2433 in

235 2467 360 2554 sphaeris
382 2469 552 2547 mundani,
575 2470 690 2539 dantur
710 2472 808 2559 ipsius
829 2474 963 2541 haudo
982 2487 1015 2541 et
1037 2470 1202 2559 longitudo
1218 2472 1306 2555 (18);
1327 2485 1413 2557 patet
1427 2474 1526 2562 igitur

234 2576 393 2663 quomodo
407 2576 580 2643 latitudinis
595 2590 627 2643 et
641 2578 846 2667 longitudinis
859 2581 1062 2647 refractioues
1073 2578 1196 2664 possint
1209 2577 1350 2643 inveniri.

276 2692 329 2749 28.
351 2684 488 2749 Jam¹de
509 2686 730 2751 Paraliosibus
749 2708 852 2771 pauca
870 2688 964 2754 nobis
989 2685 1158 2753 delibanda
1180 2697 1263 2749 sunt.
1308 2685 1441 2767 Caetera,
1467 2688 1527 2753 ubi

231 2816 312 2879 opus
333 2794 438 2873 firerit,
461 2796 526 2861 suis
546 2795 624 2861 locis
646 2816 852 2881 exponemus.
897 2798 1008 2885 Itaque
1028 2793 1175 2861 distantia
1192 2793 1335 2859 locorum
1348 2796 1382 2858 in
1396 2794 1525 2881 sphaerd

230 2900 350 2967 coelesti
370 2900 412 2967 ad
433 2924 505 2989 quae
526 2902 613 2967 sidus
627 2902 677 2967 vel
691 2901 924 2988 phaenomcuon
939 2904 1071 2993 quodvis
1085 2924 1104 2967 e
1118 2900 1284 2985 superficie
1298 2901 1417 2967 tellun's
1431 2915 1466 2968 et
1481 2926 1527 2969 ex

229 3012 297 3097 ejus
318 3022 427 3077 centro
449 3024 623 3099 spectatum
645 3012 787 3093 refertur,
811 3013 877 3079 sive
897 3036 989 3080 arcus
1009 3010 1119 3080 circuli
1138 3008 1268 3098 muximi
1284 3010 1366 3075 inter
1386 3010 1526 3077 illaduo

227 3116 299 3182 loca
313 3119 513 3205 interceptus,
535 3118 632 3206 ipsius
647 3119 757 3185 sideris
773 3131 827 3185 aut
840 3119 1043 3208 phaenomeni
1057 3117 1225 3207 parallaxis
1239 3116 1423 3203 appellatur,
1447 3142 1525 3207 quae

227 3227 361 3313 proinde
382 3228 471 3295 nulla
491 3242 539 3294 est
557 3230 619 3293 nisi
634 3240 727 3295 terrae
742 3228 971 3301 semidiameter
988 3226 1166 3295 sensibilem
1179 3224 1295 3290 habeat
1308 3226 1462 3292 rationem
1478 3228 1524 3294 ad

227 3333 407 3401 distantiam
428 3334 538 3401 sideris
560 3358 580 3401 a
600 3335 694 3403 terri.
740 3337 790 3403 Sit
804 3338 837 3402 T
850 3350 995 3403 centrum
1008 3336 1127 3402 telluris
1142 3356 1179 3400 ac
1195 3333 1284 3411 coeli3
1308 3334 1339 3399 A
1353 3334 1466 3400 oculus
1486 3336 1523 3401 in

226 3445 390 3530 superficie
411 3458 520 3523 terrae;
542 3447 569 3511 Z
591 3446 695 3513 seuith
715 3445 778 3510 loci
800 3446 851 3525 A3
874 3446 909 3523 Q
929 3446 1014 3513 sidus
1035 3444 1085 3511 vel
1107 3444 1340 3530 phaenomenon
1364 3442 1522 3529 quodvis3

228 3553 257 3618 C
280 3552 314 3629 Q
332 3554 361 3618 P
385 3554 540 3621 verticalis
561 3576 619 3640 per
641 3555 675 3631 Q
695 3554 850 3621 transiens
857 3578 868 3633 3
896 3556 923 3621 Z
945 3556 969 3621 S
992 3555 1028 3621 X
1050 3554 1089 3619 H
1113 3551 1266 3619 verticalis
1292 3554 1325 3615 in
1348 3553 1522 3639 superficie

225 3656 360 3747 sphaerc's
380 3662 534 3743 coelcstis3
558 3665 590 3730 A
611 3664 640 3729 Β
659 3664 689 3729 Ε
709 3664 865 3729 verticalis
887 3665 923 3729 in
944 3662 1111 3749 superficie
1132 3675 1245 3738 terroe3
1266 3661 1299 3726 T
1321 3660 1359 3727 H
1381 3662 1522 3731 horizon
1590 3659 1592 3706 ἶ

224 3770 383 3835 rationalis
405 3783 437 3837 et
451 3771 519 3837 Ah
542 3770 672 3837 horizon
694 3770 859 3837 sensibilis.
907 3768 1038 3836 Hisitsl
1058 3767 1243 3845 constitutis,
1259 3766 1347 3832 locus
1360 3767 1517 3855 physicus

222 3878 334 3943 sideris
346 3879 389 3957 Q,
405 3891 453 3945 est
466 3892 618 3965 punctum
632 3878 711 3945 illud
725 3880 759 3944 in
773 3902 838 3967 quo
852 3878 963 3945 sideris
972 3890 1115 3943 centrum
1125 3877 1233 3941 hoeret.
1271 3875 1378 3941 Incru
1387 3879 1519 3961 opticus

222 4009 377 4073 apparens
399 4011 455 4055 seu
475 3988 560 4054 visin
584 4000 632 4055 est
651 4001 803 4075 punctum
818 3990 851 4053 V
863 3989 898 4052 in
911 3988 1078 4073 superficie
1092 3988 1225 4073 sphaera
1241 3985 1382 4066 coelestis,
1399 3987 1432 4051 in
1449 4010 1521 4077 quo

220 4108 307 4161 recta
320 4118 361 4162 ex
375 4096 468 4161 oculo
483 4096 514 4161 A
528 4118 586 4183 per
601 4108 743 4161 centrum
758 4094 869 4160 sideris
880 4094 915 4171 Q
927 4094 1023 4159 ducta
1035 4095 1229 4161 cernimur.
1266 4093 1372 4158 loom
1382 4095 1517 4179 opticus

220 4226 313 4269 verus
337 4217 385 4271 est
408 4218 560 4291 punctim
585 4206 608 4271 S
633 4205 666 4268 in
692 4204 857 4291 superficie
878 4202 1012 4289 sphaeris
1035 4203 1168 4269 coelestis
1189 4204 1307 4289 inquo
1324 4205 1522 4273 termirsatur

223 4324 310 4376 recta
323 4312 407 4377 linea
421 4312 453 4377 T
468 4311 502 4387 Q
519 4312 542 4376 S
557 4334 597 4377 ex
610 4325 704 4376 terris
718 4322 827 4375 centro
842 4310 874 4375 T
886 4332 945 4395 per
960 4310 994 4386 Q
1008 4310 1113 4375 ducta.
1156 4312 1338 4375 Porullocis
1357 4322 1405 4375 est
1419 4334 1523 4379 arcvrs

227 4418 297 4485 SV
320 4419 384 4483 sive
408 4418 582 4483 differentia
603 4418 738 4483 duorum
753 4416 894 4482 locorum
909 4417 1094 4502 optioorum.
1138 4416 1275 4502 Angustus
1289 4420 1522 4501 paralloctr’cus

224 4546 276 4613 qut
297 4525 485 4613 plerumque
507 4526 600 4589 etium
621 4526 804 4590 Paratianis
826 4535 961 4601 voratur,
987 4535 1036 4588 est
1056 4522 1190 4610 angulus
1211 4524 1243 4589 A
1258 4523 1292 4598 Q
1307 4524 1339 4589 T
1359 4546 1461 4611 quern
1484 4528 1522 4593 in
