3284 5517
239 360 302 420 aa
484 351 752 430 ruoursrrro
774 308 979 420 nursica
1002 349 1055 416 nr
1075 349 1276 420 causan
1316 293 1319 296 ¹

236 526 1017 604 velinEvelinGvelianelinH,hooest,
1034 525 1527 592 velinhorizontevelinmeri·

236 639 350 703 diano:
373 659 470 724 quare
484 635 557 701 cdm
571 637 621 700 his
635 635 826 721 temporibus
840 657 922 721 aqua
935 634 985 699 vel
999 633 1135 699 maxime
1146 637 1184 700 sit
1194 635 1313 702 eleuata
1323 635 1373 700 vel
1387 635 1525 700 maxime

154 792 156 796 -
237 748 394 832 depressa,
417 744 480 809 und
503 745 605 808 Lunae
618 743 812 806 revolutione
827 765 909 828 aqua
929 741 979 806 bis
994 740 1173 820 elevabitur,
1197 742 1306 828 bisque
1321 742 1523 827 deprimetur,

155 915 158 921 .
235 855 373 941 ideoque
394 855 461 919 bini
481 853 586 917 fluxus
606 852 735 939 binique
748 851 887 916 refluxus
901 851 1091 938 contingent
1138 853 1232 938 Aqua
1246 852 1373 938 quidem
1386 851 1523 918 maxime

106 949 107 952 Ἴ
235 966 296 1032 erit
305 964 454 1049 depressa
464 962 503 1026 iis
516 962 592 1047 ipsis
605 960 784 1037 momentis,
799 960 913 1046 quibus
930 961 1023 1024 Luna
1035 961 1077 1026 ad
1090 959 1285 1026 horizontem
1300 963 1438 1047 appellit,
1454 978 1523 1030 tum

236 1108 570 1174 enimfitcos.tz=
592 1115 628 1182 13
653 1071 1459 1258 atquespatiumCBerit=s=ffi3
1490 1122 1524 1174 at

233 1282 371 1346 maxima
384 1281 516 1371 elevatio
531 1281 648 1347 incidet
668 1283 701 1347 in
715 1283 799 1367 ipsos
815 1279 917 1346 Lunae
932 1283 1080 1347 transitus
1094 1306 1152 1369 per
1166 1285 1384 1364 meridianum,
1407 1289 1520 1374 quibus

1331 1399 1365 1478 <2
1380 1405 1457 1460 -4
1496 1397 1519 1499 t,

1291 1495 1313 1556 h
1330 1501 1360 1580 (1
1380 1534 1422 1546 -
1437 1507 1456 1562 s
1471 1498 1508 1579 h)

235 1597 429 1683 Quanquam
450 1608 555 1660 autem
575 1595 646 1662 hoec
665 1609 824 1662 momenta
845 1619 917 1661 cum
938 1597 1129 1682 experientia
1151 1621 1215 1662 non
1230 1599 1304 1663 satis
1318 1603 1517 1683 conveniunt,

231 1717 336 1767 tamen
362 1727 399 1766 ee
412 1702 580 1790 hypothesi
604 1716 750 1769 assumtae
773 1703 866 1789 plane
893 1717 1079 1792 congruunt,
1111 1705 1173 1791 qui
1188 1705 1361 1790 posuimus
1393 1707 1520 1774 Lunam

232 1810 330 1876 solam
352 1835 455 1898 egere,
479 1835 516 1876 ac
538 1811 690 1898 perpetud
709 1814 742 1876 in
760 1815 830 1898 ipso
845 1827 1002 1900 aequatore
1017 1815 1143 1892 versari,
1160 1837 1199 1879 ex
1215 1839 1278 1901 quo
1293 1829 1386 1882 aestus
1401 1841 1435 1881 se
1448 1831 1520 1882 ten·

231 1917 303 1982 dem
326 1919 368 1981 ed
391 1940 544 1984 summam
566 1919 799 2005 regidaritetem
822 1933 990 2006 componat
1012 1945 1137 1988 necesse
1160 1936 1216 1988 est.
1262 1923 1408 1999 Quodsi
1433 1927 1519 1991 enim

232 2025 334 2093 Luuae
354 2026 521 2091 declinatio
542 2038 678 2110 ponatur
699 2027 869 2106 variabilis*
889 2039 982 2114 atque
1004 2030 1062 2095 Sol
1083 2030 1212 2114 insuper
1233 2043 1313 2118 agat,
1333 2046 1433 2121 ‘aestus
1451 2035 1519 2118 jam

230 2132 355 2198 formati
368 2131 520 2217 perpetuo
536 2133 754 2209 turbabuntur,
767 2155 807 2196 ex
817 2155 881 2220 quo
896 2135 937 2198 ob
948 2136 1188 2220 aequabilitatem
1203 2136 1351 2202 continud
1365 2137 1520 2204 sublatam

231 2241 357 2306 effectus
378 2242 531 2306 tardiores
552 2240 728 2306 necessario
750 2244 900 2328 consequi
921 2243 1091 2308 debebunt.
1136 2245 1293 2309 Praeterea
1308 2267 1432 2331 quoque
1446 2247 1519 2312 nul·

230 2352 293 2418 lam
313 2352 417 2416 adhuc
437 2352 540 2418 motin
559 2353 654 2416 maris
673 2351 873 2416 horizontalis
892 2351 1058 2418 habuimus
1072 2353 1233 2432 rationem,
1251 2353 1323 2418 crim
1338 2354 1422 2418 enim
1437 2379 1519 2442 aqua

230 2460 271 2524 ad
293 2473 405 2528 aestum
425 2460 624 2525 formandum
638 2473 725 2522 motu
747 2458 932 2526 horhontrdi
955 2459 1105 2548 progredi
1119 2459 1240 2538 debeat,
1256 2459 1455 2543 perspicuum
1469 2473 1519 2528 est

228 2569 303 2633 hinc
318 2569 564 2634 retardationem
572 2569 606 2631 in
620 2581 699 2631 aesw
713 2568 788 2630 oriri
802 2579 956 2652 oportere.

271 2685 296 2761 t.
312 2688 363 2743 81.
387 2680 422 2743 Si
442 2702 532 2764 aqua,
555 2678 602 2741 uti
621 2677 655 2738 in
668 2675 917 2761 praecedentibus
935 2673 1098 2760 Capitibus
1112 2676 1287 2760 posuimus,
1304 2676 1414 2741 inertii
1430 2699 1516 2741 care-

233 1434 592 1492 estcos.22=-l:
623 1428 1272 1494 autumaltitudoCAerit=-s:

228 2803 1120 2968 reatumforetexaequationeprimtdv=-ds(,}
1143 2789 1516 2948 435>i1-1)perp0-

228 3031 283 3099 tud
297 3057 312 3097 s
333 3059 365 3092 =
385 2995 639 3157 Q
656 3033 729 3118 quia
743 2981 906 3119 aquatum
921 3031 1030 3119 quovis
1044 3042 1205 3096 momento
1219 3051 1292 3093 cum
1301 3029 1419 3096 viribus
1429 3033 1515 3098 solli-

227 3211 393 3275 citantibus
413 3209 446 3272 in
461 3205 636 3293 aequilibrio
651 3207 843 3273 consisteret.
887 3183 1032 3272 Maxima
1053 3205 1150 3292 igitur
1164 3203 1324 3289 depressio
1338 3206 1430 3272 etiam
1444 3218 1513 3274 tum

227 3321 330 3386 Luuae
349 3316 535 3382 horiuontrdi
557 3317 770 3400 responderet,
792 3314 866 3381 edm
880 3328 961 3401 esty
982 3339 1014 3376 =
1034 3325 1065 3391 0,
1080 3313 1222 3398 foretque
1236 3313 1371 3397 spatium
1385 3314 1512 3399 depres-

225 3467 321 3532 sionis
338 3465 366 3532 C
382 3465 421 3528 M
442 3489 473 3522 =
493 3448 553 3590 ξς
576 3467 712 3528 maxima
726 3462 801 3528 verd
815 3463 957 3540 elevatio,
981 3483 1052 3548 quae
1068 3461 1150 3524 circa
1172 3459 1275 3524 Lunae
1291 3460 1456 3545 appulsum
1470 3461 1512 3526 ad

223 3677 430 3742 meridianum
445 3674 614 3759 continget,
631 3673 685 3736 fiet
698 3695 756 3757 per
769 3673 905 3757 spatium
922 3671 995 3738 CN
1014 3695 1046 3731 =
1066 3639 1221 3798 ²-hfioby
1238 3694 1270 3731 =
1287 3679 1316 3736 1.
1362 3671 1469 3748 Quare
1484 3675 1511 3738 si

224 3875 305 3937 equa
325 3848 435 3913 inerh'i
458 3858 587 3923 careret,
609 3845 690 3910 foret
711 3847 846 3930 spatium
867 3844 906 3908 M
922 3843 964 3923 N,
980 3866 1037 3929 per
1053 3843 1138 3930 quod
1151 3867 1233 3930 aqua
1246 3857 1335 3908 motu
1349 3845 1510 3930 reciproco

223 3985 403 4087 agitaretur,
429 4019 461 4054 =
481 3964 566 4119 {1133
599 3994 710 4058 inertie
739 4005 844 4058 autem
872 3991 1005 4056 admissi
1036 3991 1219 4078 agitationes
1245 3993 1448 4079 perficientur
1475 3993 1511 4060 in

223 4210 323 4294 spatio
337 4209 456 4294 majore
471 4206 547 4275 AB
568 4229 599 4262 =
617 4178 822 4353 ἥθ’-Βῆ),
851 4207 938 4288 cujus
964 4225 1108 4268 excessus
1135 4227 1228 4290 super
1252 4206 1387 4290 spatium
1414 4205 1453 4271 M
1476 4205 1509 4272 N

222 4386 571 4563 ⁸11t=‚h-(21—⁴3-3-g-gy
617 4411 784 4487 Quantitas
805 4413 909 4499 itaque
931 4408 1025 4478 aesths
1046 4415 1164 4498 pendet
1184 4437 1204 4480 a
1223 4415 1329 4480 valore
1344 4414 1455 4482 litterae
1468 4441 1507 4506 g?

225 4588 279 4676 qui
300 4585 427 4673 quidem
448 4606 573 4670 semper
593 4595 641 4648 est
661 4583 879 4660 affirmativum
900 4605 973 4648 narn
988 4583 1015 4648 si
1029 4582 1110 4650 foret
1121 4608 1145 4674 g
1164 4609 1197 4647 =
1216 4595 1246 4666 o,
1267 4587 1351 4673 quod
1367 4587 1469 4652 evenit
1482 4586 1508 4650 si
