3284 5517
321 988 723 1089 EDITOR
792 982 1278 1084 LECTORI.

714 1370 881 1391 m

155 1682 203 1779 F
202 1732 336 1781 morus
352 1714 558 1779 commentari
573 1734 636 1777 non
651 1736 817 1798 possumus
828 1736 867 1803 ea
877 1737 948 1801 quar
962 1714 1060 1779 tradit
1073 1726 1164 1779 autor
1174 1726 1280 1779 noster
1291 1714 1332 1779 de
1344 1714 1446 1781 Maris

88 1904 95 1913 Α
157 1824 265 1902 AEstu,
281 1820 375 1910 quim
389 1821 463 1885 huic
473 1820 679 1904 propositioni
694 1820 914 1907 subjungendo
927 1843 979 1884 eas
990 1820 1304 1906 dissertationes‘quae
1314 1821 1446 1905 praemio

156 1935 246 1999 fultra
267 1932 524 1999 condecorataee
546 1928 661 1993 celebri
684 1929 853 1995 Parisiensi
873 1927 1079 1993 scientiarum
1097 1928 1278 1993 Academia.
1324 1928 1365 1994 ld
1378 1929 1447 2015 qui·

156 2040 230 2107 dem
253 2041 393 2125 primum
414 2037 505 2103 nobis
525 2035 627 2101 suerat
646 2036 853 2122 propositum,
870 2049 905 2099 ut
919 2059 958 2099 ea
971 2058 1043 2121 quae
1057 2036 1090 2097 in
1104 2035 1165 2099 illis
1179 2035 1448 2101 dissertationibus

156 2148 402 2215 momentosiora
423 2145 605 2211 viderentur
626 2158 658 2211 et
679 2145 722 2211 ad
744 2145 960 2210 Nerrtonianae
980 2144 1190 2232 philosophiae
1210 2145 1449 2211 illustrationem

156 2256 365 2341 pertinerent,
387 2252 476 2317 brevi
501 2251 688 2337 compendio
717 2251 945 2336 comprehensa
972 2252 1055 2317 notis
1085 2251 1306 2337 adjiceremus3
1340 2250 1450 2317 verirm

158 2378 271 2431 bunna
291 2388 330 2429 ac
350 2362 469 2450 ingenii
482 2362 582 2427 nostri
596 2360 672 2424 vitio
686 2360 801 2427 detrita
814 2360 964 2425 exhibere
978 2360 1049 2425 haec
1066 2360 1346 2425 illustrissimorum
1368 2362 1451 2425 viro·

158 2496 229 2539 rum
245 2472 361 2557 scripta
373 2468 487 2535 meritb
500 2468 612 2556 piguit,
629 2480 661 2533 et
674 2488 739 2531 uon
753 2466 965 2549 dubitavimus
979 2489 1039 2531 nos
1053 2465 1165 2531 melitis
1176 2468 1372 2533 consulturos
1383 2467 1451 2533 ttim

158 2579 329 2645 lectoribus
344 2578 470 2653 nostris,
493 2573 563 2641 titm
584 2576 659 2659 ipsis
674 2596 784 2639 eorum
799 2575 988 2659 scriptorum
1003 2574 1197 2652 authoribus,
1220 2576 1248 2639 si
1261 2576 1366 2662 qualia
1379 2588 1453 2641 sunt

160 2686 245 2753 edita
265 2684 319 2751 hic
340 2684 395 2749 illa
415 2686 641 2749 insereremus:
665 2681 800 2769 ctlmque
827 2682 995 2747 authorum
1016 2707 1036 2748 a
1050 2682 1220 2769 typothetia
1234 2684 1373 2749 absentiri
1388 2684 1452 2753 fuc-¹

160 2810 228 2861 tum
244 2794 284 2859 sit
305 2806 341 2859 ut
354 2794 388 2857 in
404 2792 540 2857 editione
557 2790 697 2857 Parisinh
712 2791 849 2876 plurima
862 2792 1046 2878 irrepserint
1059 2791 1184 2868 manda,
1200 2792 1289 2855 nullo
1310 2815 1454 2857 errorum

161 2904 304 2991 catalogo
327 2914 477 2979 correcta,
502 2924 541 2965 ea
565 2899 883 2967 demonstrationibus
915 2924 953 2967 ac
981 2901 1108 2965 calculis
1138 2900 1284 2965 accurati
1313 2903 1453 2987 repetitis

161 3009 406 3086 emendavimus,
420 3008 600 3096 figurasque
616 3008 657 3071 ad
672 3007 751 3087 loca,
768 3010 883 3095 quibus
897 3009 1102 3095 respondent,
1117 3009 1219 3094 aptari
1234 3009 1419 3077 curavimus.

206 3119 353 3195 Quatuor
374 3117 502 3204 quidem
526 3116 760 3181 dissertationes
778 3115 929 3181 Parisinis
943 3118 1026 3203 typis
1040 3116 1169 3181 firerunt
1190 3115 1354 3203 evulgatae,
1378 3141 1455 3203 qua-

161 3248 232 3291 rum
246 3226 335 3311 prior
349 3249 368 3289 a
384 3226 479 3290 Patre
497 3224 665 3288 Cavallieri
681 3224 815 3301 lesuin,
835 3224 974 3289 secunda
987 3248 1007 3289 a
1021 3224 1160 3291 Daniele
1175 3224 1368 3302 Bernoullio,
1392 3240 1455 3291 ter·

162 3337 233 3399 tiaa
245 3335 287 3399 D.
301 3335 345 3399 D.
359 3334 604 3410 Mac-Laurino,
618 3347 730 3419 quarta
741 3358 760 3397 a
771 3334 943 3400 Leonardo
966 3334 1086 3399 Eulero
1099 3334 1188 3400 lbere
1199 3335 1241 3398 ad
1251 3336 1455 3401 Academiam
1578 3374 1584 3381 ·

161 3444 277 3511 misse.
325 3444 418 3509 Prior
441 3444 473 3507 in
496 3465 535 3508 eo
557 3456 730 3528 occupatur
745 3456 780 3507 ut
799 3444 991 3510 Cartesianoe
1005 3444 1216 3532 hypotheseos
1231 3448 1313 3511 circa
1328 3469 1454 3512 causam

161 3550 257 3616 astus
279 3550 392 3614 marini
414 3550 489 3614 vitia
504 3562 536 3613 et
549 3548 654 3613 hiatus
670 3550 808 3637 corriget
821 3562 855 3614 et
868 3552 1026 3631 resarciat,
1051 3553 1136 3639 quod
1152 3554 1279 3640 quidem
1292 3554 1454 3642 ingeniose

162 3658 335 3724 admodum
357 3670 504 3743 proestat3
527 3672 591 3723 tres
612 3659 745 3746 reliquoe
762 3660 940 3748 exlegibus
954 3664 1115 3750 grarimis
1130 3687 1281 3751 aquarum
1297 3666 1399 3730 Maris
1420 3666 1454 3729 in

163 3768 281 3845 Solem,
303 3768 431 3831 Lunam
450 3778 483 3831 et
509 3768 655 3847 Terram,
679 3790 787 3833 omnes
808 3769 1011 3854 phaenomeni
1032 3775 1185 3858 propositi
1207 3776 1453 3841 circumstantias

162 3878 320 3963 explicant
336 3890 367 3941 et
381 3877 509 3942 calculis
524 3878 753 3944 determinantt
775 3880 833 3945 bas
848 3904 926 3969 ergo
936 3897 1011 3962 tres,
1023 3884 1138 3951 omissi
1149 3886 1266 3971 priore,
1281 3886 1374 3973 hujus
1385 3910 1457 3952 esse

160 3985 224 4049 loci
238 3982 437 4049 credidimus.

206 4092 247 4158 In
269 4090 737 4163 dissertationeMac-Laurini
758 4098 896 4164 occurrit
914 4096 1035 4177 solutio
1052 4100 1227 4187 synthetica
1249 4102 1455 4168 Problematis

163 4202 203 4267 de
221 4202 323 4290 ligurii
348 4202 469 4281 Terroe,
494 4204 586 4290 quale
608 4204 687 4269 illud
706 4228 972 4291 proposueramus
994 4210 1028 4273 in
1049 4210 1132 4274 notis
1156 4211 1272 4276 nostris
1294 4212 1336 4276 ad
1358 4213 1457 4298 Prop.

164 4310 265 4376 XIX.
282 4311 429 4397 quodque
443 4334 558 4395 parum
572 4311 656 4377 felici
675 4335 820 4379 successu
835 4316 989 4403 analyticd
1005 4318 1127 4383 solvere
1142 4330 1392 4398 tentaveramus3
1417 4343 1458 4384 ex

164 4420 231 4504 ejus
254 4418 410 4484 solutione
431 4432 519 4504 patet
540 4422 752 4488 meridianum
775 4448 844 4489 esse
866 4449 973 4490 veram
993 4425 1128 4512 ellipsim
1142 4429 1176 4492 in
1190 4429 1358 4516 hypothesi
1373 4431 1459 4518 qubd

166 4528 268 4595 Terra
283 4528 324 4593 sit
337 4530 554 4618 homogenea:
582 4530 655 4595 etim
670 4546 774 4597 autem
790 4534 860 4598 hoec
874 4535 907 4598 in
921 4558 1034 4600 manus
1048 4550 1172 4603 nostras
1186 4562 1252 4603 uon
1266 4540 1459 4616 devenerint,

165 4634 228 4701 nisi
242 4632 316 4703 crim
331 4649 416 4702 notae
431 4637 472 4701 ad
488 4659 558 4702 eam
576 4638 827 4723 Propositionem
844 4642 944 4707 XIX.
959 4643 1094 4727 praelum
1109 4644 1285 4724 subiissent,
1308 4646 1383 4709 inde
1397 4644 1461 4709 fac·

787 4748 801 4798 I
818 4755 835 4797 4
