3284 5517
178 404 484 485 sanaremus]
520 378 765 471 paruerant
787 400 1160 470 Marnannrrca,

369 670 654 738 raorosrrro
677 670 796 737 xxrr.
843 667 1117 737 rasennam
1138 614 1271 735 xviia

175 854 282 920 Mota
302 878 401 921 omnes
422 859 553 937 lunares,
576 880 729 943 omnesqsoe
749 868 878 923 monaca
899 856 1103 942 inaeqolitotes
1123 877 1161 918 cn
1175 854 1282 921 allatis
1296 852 1464 939 princpes

743 990 894 1059 amiteque.

218 1181 364 1249 Planetas
378 1184 521 1269 majores,
537 1184 656 1248 interea
670 1183 748 1247 dum
773 1182 857 1247 circa
875 1183 982 1248 Solem
995 1182 1146 1259 feruntur,
1162 1204 1255 1267 posse
1270 1180 1348 1245 alios
1360 1177 1463 1245 mino·

170 1314 222 1357 res
244 1295 361 1358 circum
382 1316 414 1359 se
433 1294 625 1359 revolventes
643 1295 784 1380 planetas
804 1295 936 1375 deferre,
953 1306 985 1359 et
998 1264 1135 1359 miniates
1149 1294 1219 1359 illos
1234 1293 1271 1357 in
1286 1292 1458 1379 ellipsibus,

170 1402 334 1467 umbilicos
352 1406 386 1467 in
408 1404 522 1470 centris
540 1407 694 1491 majorum
708 1405 907 1483 habentibus,
928 1406 1045 1470 revolvi
1060 1406 1176 1469 debere
1190 1414 1278 1489 patet
1291 1426 1349 1490 per
1365 1403 1461 1488 Prop.

171 1514 280 1580 LXV.
297 1516 369 1581 Lib.
386 1516 412 1581 I.
458 1518 593 1582 Actione
608 1530 712 1583 autem
729 1516 810 1583 solis
825 1516 1092 1602 perturbabuntur
1106 1536 1218 1579 eorum
1230 1527 1334 1579 motus
1353 1513 1460 1577 multi-

169 1622 276 1704 mode,
299 1626 399 1713 iisque
423 1624 609 1690 adlicientur
630 1625 892 1713 inaequaiitatibus
914 1646 985 1713 quae
1009 1624 1042 1687 in
1064 1621 1157 1687 Luni
1177 1620 1284 1687 nostri
1303 1634 1461 1685 notantur.

176 1730 263 1797 Haec
284 1733 392 1819 utique
414 1738 485 1819 (per
501 1734 575 1797 Cor.
590 1742 622 1811 2,
639 1744 668 1812 3,
685 1743 716 1811 4,
732 1747 764 1798 et
779 1743 809 1800 5.
827 1734 923 1818 Prop.
939 1726 1081 1813 LXVI.)
1101 1730 1237 1795 velocius
1251 1742 1404 1808 movetur,
1425 1750 1463 1795 ac

175 1836 266 1901 radio
281 1838 322 1903 ad
337 1838 472 1935 Terram
486 1838 581 1905 ducto
595 1840 744 1907 describit
758 1863 863 1905 aream
881 1863 942 1928 pro
955 1852 1095 1924 tempore
1109 1841 1269 1924 majorem,
1292 1840 1463 1925 orbemque

170 1940 269 2009 babet
288 1945 392 2009 minus
415 1966 555 2025 curvum,
579 1958 672 2033 atque
691 1947 764 2012 ideo
784 1948 915 2033 propius
930 1948 1050 2011 accedit
1064 1946 1105 2011 ad
1120 1948 1264 2025 Terram,
1280 1947 1314 2011 in
1328 1947 1462 2035 syzygiis

172 2050 271 2137 quim
286 2053 319 2115 in
335 2052 542 2138 quadraturis,
557 2054 618 2117 nisi
632 2054 787 2140 quittenua
800 2054 931 2139 impedit
944 2066 1048 2118 motus
1059 2052 1303 2118 eccentricitatis.
1341 2052 1462 2117 Ecceu·

169 2156 292 2223 tricitas
314 2158 400 2223 enim
421 2160 558 2223 maxima
579 2172 627 2225 est
657 2164 728 2245 (per
751 2160 858 2225 Corol.
874 2170 905 2227 9.
930 2161 1026 2245 Prop.
1043 2159 1183 2239 LXVI.)
1213 2159 1269 2223 ubi
1297 2181 1462 2247 apogaeum

169 2262 273 2329 Lunoe
295 2264 328 2327 in
351 2265 488 2352 syzygiis
502 2277 655 2343 versatur,
679 2279 711 2330 ct
731 2267 860 2331 minima
873 2266 928 2329 ubi
948 2266 1033 2330 idern
1047 2266 1080 2328 in
1095 2264 1290 2355 quadraturis
1305 2265 1461 2341 consistit3

169 2384 203 2437 et
224 2373 299 2438 inde
322 2373 417 2438 Luna
438 2376 471 2437 in
492 2376 633 2463 perigaeo
648 2375 785 2441 velocior
800 2390 847 2442 est
861 2392 893 2442 et
906 2378 997 2441 nobis
1011 2378 1150 2461 propior,
1165 2377 1199 2439 in
1214 2398 1345 2465 npogaeo
1358 2387 1462 2439 autern

168 2474 297 2559 tardior,
314 2497 346 2546 et
359 2483 508 2549 remotior
521 2486 555 2549 in
569 2487 704 2574 syzygiis
719 2486 814 2573 quim
828 2489 862 2551 in
872 2488 1077 2581 quadraturis.
1110 2486 1316 2575 Progreditur
1328 2487 1459 2571 insuper

170 2612 347 2677 npogaeurn,
365 2603 396 2654 et
409 2592 630 2679 regrediuntur
645 2594 730 2675 nodi,
747 2596 801 2659 sed
816 2609 904 2661 motu
919 2594 1107 2681 inaequabili.
1150 2594 1194 2659 Et
1211 2616 1377 2681 apogaeum
1392 2592 1461 2678 qui·

169 2697 243 2795 dem
269 2703 339 2783 (per
356 2698 430 2763 Cor.
447 2708 476 2769 7.
500 2712 531 2764 et
553 2712 583 2767 8.
606 2704 702 2789 Prop.
719 2702 860 2784 LXVI.)
884 2702 1020 2767 velocius
1044 2701 1245 2790 progreditur
1267 2701 1301 2763 in
1326 2699 1460 2787 syzygiis

170 2804 245 2883 suis,
271 2804 390 2869 tardius
411 2806 586 2895 regreditur
606 2810 640 2873 in
662 2808 869 2897 quadraturis,
892 2822 926 2874 et
947 2831 1077 2873 excessu
1098 2806 1283 2895 progressis
1302 2829 1398 2891 supra
1410 2829 1461 2871 re-

169 2936 314 3001 gressum
337 2918 498 2983 mutuatim
521 2918 620 3005 fertur
643 2920 676 2983 in
700 2920 932 3007 consequentia.
976 2918 1065 2985 Nodi
1089 2929 1192 2981 autem
1216 2922 1287 3001 (per
1307 2916 1413 2981 Corol.
1428 2923 1459 2981 2.

175 3022 274 3111 Prop.
290 3026 431 3107 LXVI.)
455 3028 619 3113 quiescunt
639 3028 672 3093 in
695 3029 832 3115 syzygiis
853 3028 917 3093 suia
939 3040 971 3092 et
990 3023 1181 3093 velocissime
1195 3024 1415 3113 regrediuntur
1428 3025 1462 3088 in

172 3132 378 3221 quadraturis.
425 3134 488 3201 Sed
509 3148 542 3201 et
562 3138 663 3223 major
684 3150 732 3203 est
756 3138 859 3203 ernoe
872 3138 1004 3202 latitudo
1016 3138 1156 3203 maxima
1168 3137 1202 3200 in
1216 3136 1313 3221 ipsius
1327 3134 1461 3222 quadra·

175 3300 236 3353 itan
247 3306 254 3319 '
272 3306 318 3354 'tor
327 3306 406 3355 Taras
416 3306 515 3372 singulis
525 3308 707 3358 revolutionibus
718 3310 803 3359 annuis
834 3310 888 3359 fisse
897 3323 979 3357 omnes
988 3310 1096 3357 videntur
1106 3310 1193 3357 moveri
1204 3308 1230 3356 in
1240 3306 1404 3371 consequentia
1413 3307 1461 3371 sig-

297 3372 332 3418 bis
346 3372 474 3421 inclinatur
484 3374 508 3421 in
519 3374 649 3435 eclipticam
660 3386 684 3423 et
697 3375 733 3422 bis
743 3375 804 3424 redit
833 3390 926 3422 norum.
970 3374 1038 3423 Hinc
1055 3374 1082 3422 fit
1100 3372 1165 3436 quod
1181 3372 1367 3421 constellationes
1380 3387 1462 3419 omnes

174 3428 205 3479 ad
221 3434 359 3493 positionem
375 3435 489 3496 priorem:
519 3439 570 3484 hac
586 3438 666 3487 omnia
682 3438 750 3486 facile
766 3440 803 3486 in·
834 3440 954 3500 antiquam
976 3438 1056 3485 sedan
1077 3439 1223 3485 mutaverint.
1260 3436 1297 3485 Sic
1318 3434 1462 3483 constellatio

172 3496 264 3560 telliget
274 3498 315 3560 qui
326 3500 351 3546 in
362 3509 466 3547 mentem
473 3502 613 3549 revocaverit
623 3502 694 3564 Prop.
707 3503 805 3553 LXVL
838 3503 926 3550 Arietis
941 3518 995 3565 qua
1009 3511 1112 3560 tempore
1125 3500 1257 3563 Hipparchi
1268 3499 1340 3561 prope
1352 3501 1461 3547 interam-

174 3558 230 3611 Ha
245 3561 267 3609 1.
280 3560 409 3625 ultimaqre
423 3564 528 3626 ejusdem
541 3566 675 3614 Corolhria.
835 3567 925 3615 tionem
935 3566 1052 3614 verrsaiem
1063 3564 1175 3627 eclipticas
1185 3575 1210 3613 et
1219 3565 1342 3627 nquatoeis
1351 3564 1399 3611 visa
1408 3562 1460 3620 fuir.

208 3630 262 3672 103.
277 3624 308 3673 In
317 3626 416 3689 siugulis
423 3630 555 3677 octantibus
565 3630 627 3677 inter
635 3630 773 3693 equinoctia
779 3640 804 3680 et
835 3646 900 3679 nunc
909 3633 940 3679 ab
949 3630 1032 3678 eddean
1041 3629 1144 3692 digresn
1154 3628 1179 3677 in
1190 3630 1258 3691 signo
1266 3629 1340 3676 Tauri
1349 3636 1461 3685 moruus,

174 3687 272 3736 ”letitia
282 3691 410 3752 sequentia,
422 3692 542 3741 inclinatio
549 3694 598 3742 axis
607 3695 687 3743 Terra
695 3695 726 3744 ad
733 3696 804 3757 eclip-
834 3696 895 3743 sicat
905 3705 930 3742 et
941 3694 1013 3743 Tauri
1024 3692 1169 3743 constellatio
1178 3694 1204 3739 in
1217 3693 1373 3741 Geminorum
1383 3691 1462 3739 lociun

175 3752 247 3801 ticam
257 3752 317 3801 redit
326 3753 357 3802 ad
368 3755 467 3815 priorem
477 3758 671 3821 magnimdinem,
689 3758 803 3819 plurium-
834 3758 946 3816 transisit,
961 3758 1103 3821 Geminique
1117 3760 1144 3805 in
1160 3759 1278 3806 Canem
1289 3755 1389 3817 promoti
1399 3762 1462 3813 mut,

176 3830 227 3879 que
238 3832 355 3866 annornm
371 3818 470 3867 decursa
484 3822 613 3870 sensibilior
622 3838 670 3869 non
681 3823 764 3881 evadit,
781 3832 805 3871 at
835 3823 1060 3887 idutnaaquaqoe
1066 3820 1318 3871 constellatioasuoin
1328 3820 1463 3881 prasiorum

177 3894 295 3943 regressa
313 3890 455 3943 punctorum
474 3886 586 3945 ecliptica
603 3886 713 3935 continuo
731 3888 758 3935 fit
779 3888 805 3934 in
832 3888 914 3937 <hm
928 3886 1069 3936 marmio
1100 3890 1115 3918 ⁸
1129 3886 1192 3935 Cum
1205 3895 1284 3933 autem
1298 3882 1343 3939 bic,
1361 3883 1419 3931 dnm
1432 3882 1464 3931 de

175 3944 343 4000 wteoedentia,
363 3946 806 4009 necadprian'nnmiocumradeunt
836 3948 1464 4015 mmmmmegtnuaaoeadmonmipmno.

175 4016 265 4069 puncta
279 4010 456 4085 aequinoctialia,
473 4013 518 4061 nisi
531 4022 584 4075 pose
597 4014 715 4079 integrum
729 4014 805 4063 cicu-
836 4015 928 4075 duim,
946 4031 990 4063 nea
1006 4015 1036 4063 ad
1053 4015 1248 4063 amenitatem
1262 4012 1389 4061 orbitarum
1404 4026 1464 4123 quas

176 4071 235 4119 lum.
273 4073 339 4121 Hine
351 4076 451 4123 mutatio
466 4092 520 4139 qua
535 4078 607 4126 unius
617 4078 674 4126 anni
684 4079 758 4139 spatio
769 4079 804 4127 in·
838 4081 912 4128 Terra
931 4090 973 4128 ant
994 4080 1066 4129 Luna
1087 4077 1226 4133 describunt,
1244 4092 1289 4124 nac
1306 4075 1336 4125 ad
1355 4076 1403 4137 spsi
1422 4090 1464 4123 nan

176 4134 292 4184 marti·
310 4148 352 4195 est,
372 4150 426 4200 post
438 4138 542 4203 plurium
557 4156 673 4191 annormn
686 4143 807 4193 intmralla
834 4154 923 4201 motas,
938 4142 1024 4192 necad
1040 4143 1232 4207 irregularitatem
1247 4142 1317 4189 molis
1333 4140 1414 4189 Terra
1429 4149 1464 4189 at·

176 4200 286 4248 notabilis
296 4202 378 4250 evadit.
837 4208 986 4264 uiderimus,
997 4222 1043 4255 uec
1051 4207 1153 4270 danique
1162 4207 1194 4255 ad
1204 4205 1303 4253 aliorum
1316 4204 1464 4265 planetarum

212 4269 265 4312 104.
286 4264 350 4314 Crini
366 4265 439 4315 celia
450 4266 502 4318 dass
512 4270 665 4333 quiescantet
678 4271 806 4320 retrocedat
837 4273 947 4327 acdona,
966 4272 1074 4335 quedam
1094 4270 1166 4319 etiam
1187 4270 1300 4331 ecliptica·
1319 4268 1465 4317 inclinationi

178 4330 311 4377 eommunis
323 4332 394 4378 sectio
410 4335 695 4395 aquatorisetecliptica,
713 4352 806 4384 necesse
836 4337 937 4384 mutatio
957 4334 1033 4384 afferri
1054 4344 1135 4396 potest,
1157 4352 1211 4398 quas
1231 4334 1292 4381 forte
1312 4332 1466 4395 perseverabit

178 4401 215 4439 ast
229 4402 257 4440 ut
272 4394 392 4442 mutabilis
403 4396 433 4443 sit
444 4396 542 4445 lixarum
558 4414 574 4446 a
585 4400 679 4459 punctis
688 4400 806 4463 aquinos-
838 4401 893 4447 satis
902 4411 930 4447 ut
939 4398 1055 4447 sernibllis
1067 4398 1164 4448 eradat:
1182 4397 1340 4446 inclinationis
1349 4396 1466 4461 angulum

178 4454 273 4505 delibus
283 4458 391 4507 distantia
401 4470 425 4508 et
436 4460 507 4508 stella
518 4464 547 4510 ab
561 4462 642 4510 iisdem
655 4465 747 4524 punctis
757 4480 806 4512 ver-
839 4464 869 4511 1'.
881 4474 976 4512 oenotria
992 4463 1059 4511 annis
1069 4464 1200 4512 deuesoere
1210 4463 1302 4510 solebat
1313 4461 1464 4515 Lourillaars,

179 4534 222 4568 sus
235 4523 346 4570 orientem
361 4523 465 4587 quotidie
479 4524 586 4589 progredi
597 4526 726 4585 videantur,
743 4528 808 4576 unde
839 4528 878 4575 cui
889 4543 936 4575 non
947 4537 1079 4591 reprgnant
1088 4544 1143 4591 qua
1154 4526 1265 4577 casinus
1275 4526 1300 4573 in
1309 4523 1466 4573 Astronornia

180 4584 284 4647 ipsarum
299 4587 460 4663 longitudines
474 4605 528 4652 quas
543 4589 569 4636 in
583 4590 689 4651 eclipticd
700 4596 729 4640 ab
743 4592 810 4639 initio
843 4592 980 4649 Elementis
995 4606 1023 4639 ea
1040 4591 1104 4640 rarii
1118 4588 1467 4640 mmmmm-tim

182 4648 271 4697 Arietis
284 4650 332 4698 sisa
348 4654 510 4702 intersectione
524 4654 611 4701 vernali
623 4656 735 4717 ecliptico
745 4664 769 4703 et
778 4674 809 4705 aa·
841 4656 998 4703 inclinationis
1010 4656 1123 4717 edipieoe
1138 4656 1226 4704 nubo
1261 4654 1309 4704 Sed
1318 4652 1349 4701 de
1360 4654 1390 4701 ils
1399 4652 1467 4719 plura

179 4714 283 4775 quateris
295 4716 425 4779 comptitarl
439 4716 770 4779 mlentoontimsdorescunt,
786 4730 811 4769 et
840 4720 1190 4783 inposterumeruntdioenda.
