3284 5517
383 365 517 426 εει)
979 354 1111 421 DE
1158 354 1464 441 CAUSA
1510 355 1921 423 PHYsmA
1969 353 2350 425 noxus

377 541 555 595 motu
597 528 885 613 ellipseos
931 526 1100 593 circii
1140 527 1507 593 alterutrum
1535 549 1741 607 axem,
1771 529 2018 616 sintque
2066 529 2123 595 B
2152 499 2222 594 et·
2253 530 2320 595 D
2364 530 2687 614 particulae
2714 532 2946 618 quoevis

375 637 445 701 in
474 636 695 701 eodem
725 635 1218 701 semi-diametro
1247 636 1404 713 sitae,
1448 637 1818 723 gravitatem
1842 638 2167 723 particuloe
2200 638 2257 704 B
2286 638 2501 703 versus
2530 640 2947 726 sphaeroidem

376 746 1014 834 foreadgravitntem
1055 744 1992 831 partimlaeDutdistanfiac
2024 744 2786 828 Baddistantiamcn,
2829 771 2955 836 per·

379 855 797 923 Cenollatinm
824 856 1206 943 precedens.

1210 971 1221 976 ’
1316 1007 1668 1075 LEMMA
1712 1005 1829 1073 IV.

464 1158 561 1224 Sit
591 1158 652 1224 A
673 1156 730 1223 Β
749 1181 787 1223 a
806 1158 850 1222 b
881 1157 1181 1244 sphaerois
1207 1159 1420 1247 genita
1445 1170 1621 1224 motu
1652 1157 2123 1243 semi-ellipseos
2155 1160 2218 1225 A
2239 1159 2298 1225 B
2326 1185 2364 1225 a
2393 1156 2561 1226 οἱκαὶ
2586 1183 2769 1226 axem
2800 1160 2861 1225 A
2882 1183 2944 1239 a,

377 1268 434 1332 P
474 1269 781 1354 particula
819 1270 1053 1356 quaevis
1103 1269 1173 1333 in
1211 1268 1539 1354 superficie
1590 1268 1795 1347 solidi,
1855 1268 1938 1334 sit
1993 1269 2051 1336 P
2084 1268 2149 1335 K
2192 1270 2330 1335 axis
2380 1270 2677 1336 normalis
2726 1270 2790 1333 in
2840 1270 2946 1348 K3

372 1386 435 1439 et
466 1374 522 1440 P
549 1375 618 1441 D
652 1376 757 1439 axi
785 1374 1098 1460 -parallela
1125 1388 1411 1440 occurrat
1437 1374 1628 1461 plano
1677 1374 1734 1440 B
1760 1374 1805 1438 b

371 1481 571 1567 (quod
625 1481 734 1545 axi
792 1482 1164 1565 supponitur
1219 1479 1535 1561 normale)
1587 1480 1653 1542 in
1713 1479 1806 1545 D.

373 1582 744 1647 Raeolvatur
790 1582 881 1646 vis
928 1583 1050 1670 qufi
1096 1583 1402 1668 particula
1441 1584 1498 1649 P
1534 1585 1803 1673 gravitat

367 1688 581 1756 versus
611 1690 1028 1777 sphaeroidem
1056 1690 1122 1753 in
1144 1689 1302 1755 duas
1330 1690 1513 1769 vires,
1543 1692 1801 1758 alteram

369 1801 475 1877 azzi
514 1801 896 1888 parallelum,
940 1800 1201 1867 alteram
1228 1801 1434 1868 eidem
1466 1803 1800 1890 perpendi-

367 1910 669 1989 cularem,
719 1911 958 1997 eritque
1013 1910 1193 1996 prior
1244 1910 1503 1996 aequalis
1558 1913 1620 1976 vi
1676 1910 1801 1999 qufi

365 2019 672 2104 particula
703 2018 767 2083 K
795 2019 862 2083 in
891 2017 996 2083 axi
1033 2017 1152 2083 sita
1178 2017 1378 2082 tendit
1406 2018 1487 2082 ad
1515 2032 1802 2086 centrum

367 2126 569 2204 solidi,
616 2126 925 2210 posterior
976 2135 1183 2189 autem
1240 2124 1499 2209 aequalis
1554 2126 1618 2189 vi
1675 2126 1796 2213 qufi

364 2235 670 2320 particula
727 2235 795 2301 D
852 2246 1112 2322 urgetur
1167 2231 1382 2298 versus
1436 2232 1603 2297 idem
1654 2256 1800 2299 cen-

366 2361 554 2413 trum·

458 2454 852 2522 Producatm·
897 2454 954 2519 P
986 2453 1052 2518 K
1094 2453 1298 2519 donec
1337 2453 1554 2525 rursus
1581 2472 1802 2517 occur-

366 2573 468 2627 rat
494 2563 694 2648 ellipsi
721 2560 1093 2649 generatrici
1120 2561 1187 2627 in
1219 2560 1316 2640 H,
1355 2557 1620 2628 ducatur
1652 2559 1727 2624 H
1758 2557 1802 2622 d

348 2657 669 2756 'paranela
697 2668 804 2737 axi
849 2670 912 2735 A
940 2692 983 2733 a
1021 2689 1167 2760 quoe
1192 2681 1481 2750 occurrat
1519 2668 1625 2736 exi
1673 2667 1803 2731 Bb

367 2778 435 2841 in
477 2777 541 2854 d,
587 2776 1009 2862 concipiamus
1053 2778 1321 2842 solidum
1365 2778 1432 2843 D
1462 2799 1507 2841 n
1535 2778 1580 2841 d
1611 2776 1677 2841 N
1719 2775 1801 2841 si-

367 2884 517 2949 mile
571 2884 693 2970 ipsi
754 2884 1046 2950 BAba
1093 2898 1157 2950 et
1206 2884 1486 2949 similiter
1528 2884 1802 2970 positum

369 2991 639 3056 describi
678 3012 867 3075 super
894 3011 1076 3054 axem
1114 2990 1184 3055 D
1214 2990 1276 3054 d.
1368 2990 1623 3056 Horum
1652 2983 1799 3056 soli-

373 3100 602 3165 dorum
632 3101 936 3165 sectiones
967 3101 1048 3165 ab
1077 3101 1301 3165 eodem
1343 3102 1536 3187 plano
1579 3113 1839 3168 resectoe
1866 3113 2051 3167 erunt
2080 3123 2324 3187 semper
2352 3100 2599 3187 ellipses
2628 3101 2859 3168 similes
2883 3112 2949 3167 et

371 3208 656 3273 similiter
684 3210 929 3294 posim,
973 3208 1066 3273 uti
1094 3221 1318 3273 notum
1349 3221 1444 3274 est
1471 3221 1534 3274 et
1560 3208 1741 3275 facile
1770 3208 2135 3274 ostenditur.
2229 3208 2369 3273 Sint
2396 3208 2588 3295 igitur
2632 3207 2691 3273 B
2721 3210 2785 3273 A
2813 3208 2857 3272 b
2886 3230 2946 3284 a,

239 3300 246 3308 ¹
370 3315 440 3380 D
468 3337 514 3379 n
543 3315 588 3379 d
620 3315 685 3379 N
726 3314 1094 3401 hujusmodi
1123 3314 1347 3403 figuroe
1379 3338 1417 3380 a
1459 3316 1651 3402 plano
1697 3316 1751 3379 P
1770 3316 1833 3381 A
1861 3316 1905 3379 b
1934 3316 1970 3380 1
2000 3316 2059 3381 B
2092 3316 2167 3393 P,
2216 3315 2385 3401 quod
2416 3338 2661 3400 semper
2689 3316 2947 3380 transire

368 3436 640 3508 ponatur
666 3444 782 3509 per
811 3423 1020 3487 datam
1051 3432 1283 3486 rectam
1317 3421 1457 3488 PD
1477 3422 1510 3487 I
1541 3435 1798 3487 resectae
1827 3443 1909 3486 ex
1938 3421 2239 3486 similibus
2266 3420 2438 3484 hisce
2467 3421 2700 3487 solidis.
2776 3422 2947 3486 Con-

372 3530 568 3595 tinent
594 3528 855 3615 planum
899 3528 954 3592 P
976 3549 1015 3592 z
1035 3529 1088 3592 Z
1112 3527 1148 3591 1
1171 3526 1235 3594 T
1275 3550 1420 3592 cum
1447 3528 1640 3614 plano
1667 3528 1869 3619 priori
1894 3527 2192 3616 angulum
2224 3526 2736 3614 quiimminimum
2768 3540 2832 3593 et
2857 3528 2950 3593 fa-

373 3639 497 3705 ciat
524 3639 830 3704 sectiones
860 3637 1095 3701 similes
1139 3638 1196 3702 P
1212 3659 1248 3701 z
1268 3639 1321 3702 Z
1345 3636 1378 3701 I
1402 3633 1484 3716 T,
1530 3638 1599 3701 D
1621 3660 1655 3701 r
1680 3638 1739 3702 R
1761 3637 1828 3702 D
1859 3649 1924 3703 et
1952 3637 2231 3701 similiter
2257 3637 2491 3721 positas
2520 3637 2587 3700 in
2614 3637 2951 3722 praedicto-

340 3738 346 3747 ’
372 3769 516 3812 rum
561 3746 905 3811 solidorum
949 3743 1416 3829 superficiebus·
1508 3743 1711 3811 Hisce
1750 3744 1988 3828 positiS,
2033 3743 2337 3829 imprimis
2378 3742 2778 3807 ostendemus
2824 3744 2950 3807 vim

377 3854 502 3943 qufi
546 3852 854 3940 particula
900 3850 956 3917 P
997 3865 1260 3941 urgetur
1299 3849 1514 3916 versus
1558 3852 1689 3916 duo
1718 3852 1914 3917 frusta
1941 3874 2082 3938 quoe
2109 3851 2313 3938 planis
2360 3851 2416 3917 P
2443 3850 2489 3917 b
2519 3851 2576 3930 Ι,
2634 3852 2688 3915 P
2722 3851 2779 3916 Z
2807 3850 2840 3915 I
2889 3862 2957 3915 et

372 3962 581 4049 planis
613 3960 668 4024 P
691 3961 748 4025 B
774 3960 829 4037 I,
864 3960 921 4023 P
943 3958 1007 4023 T
1029 3959 1063 4024 I
1096 3958 1514 4038 continentur,
1546 3960 1599 4023 si
1627 3958 1960 4024 reducatur
1988 3957 2072 4023 ad
2100 3957 2507 4023 directionem
2539 3956 2596 4023 P
2619 3955 2709 4037 K,
2739 3978 2950 4043 aequa-

369 4072 498 4137 lem
540 4070 675 4136 fore
718 4070 781 4135 vi
825 4068 948 4156 qua
991 4068 1299 4155 particula
1340 4069 1410 4134 D
1454 4080 1715 4158 urgetur
1755 4061 1969 4136 versus
2010 4069 2279 4135 stastum
2319 4069 2522 4155 planis
2565 4069 2636 4136 D
2664 4091 2712 4134 n
2748 4068 2815 4134 N
2857 4069 2950 4149 D,

376 4179 447 4246 D
469 4205 504 4246 r
527 4181 591 4247 R
618 4181 688 4246 D
717 4180 1136 4246 terminatum.

468 4291 610 4357 Sint
639 4292 809 4356 enim
851 4289 918 4355 N
947 4311 1010 4368 n,
1059 4289 1146 4354 N'
1165 4290 1228 4353 n'
1267 4289 1411 4354 duae
1439 4291 1744 4357 ordinatae
1772 4314 1854 4357 ex
1882 4291 2163 4356 interiori
2192 4290 2393 4377 ellipsi
2420 4290 2504 4356 ad
2544 4313 2727 4357 axem
2771 4291 2838 4356 D
2868 4290 2950 4367 d;

376 4398 507 4466 sint
535 4400 612 4485 (⁸¹)
651 4399 706 4463 P
738 4397 837 4477 M,
888 4397 944 4463 P
971 4420 1057 4476 m,
1102 4397 1159 4462 P
1180 4397 1278 4462 Μ’
1322 4410 1385 4462 et
1428 4399 1485 4465 P
1512 4403 1599 4464 m‘
1640 4400 1981 4486 respective
2007 4401 2323 4485 parallelae
2350 4401 2535 4468 rectis
2575 4402 2644 4467 D
2676 4402 2761 4481 N,
2794 4401 2862 4465 D
2882 4423 2950 4479 n,
3057 4453 3067 4461 .

445 4569 517 4637 (⁸)
554 4566 1634 4632 Iob-eflssffldwibendffmcmNR,
1698 4572 2953 4638 perspectiva-edeamfflfoenfflffig·

381 4635 445 4684 ΙΨ
487 4634 565 4693 R',
605 4634 690 4683 dcc.
743 4648 841 4683 non
882 4632 1106 4682 duximus
1147 4634 1409 4684 mudum
1450 4636 1636 4699 regulas
1700 4637 1828 4684 nosti
1847 4638 2037 4699 posint.
2639 4639 2646 4648 ⁰
