<?xml version="1.0" encoding="UTF-8"?>
<!DOCTYPE html PUBLIC "-//W3C//DTD XHTML 1.0 Transitional//EN"
    "http://www.w3.org/TR/xhtml1/DTD/xhtml1-transitional.dtd">
<html xmlns="http://www.w3.org/1999/xhtml" xml:lang="en" lang="en">
 <head>
  <title>
</title>
<meta http-equiv="Content-Type" content="text/html;charset=utf-8" />
  <meta name='ocr-system' content='tesseract 3.04.00' />
  <meta name='ocr-capabilities' content='ocr_page ocr_carea ocr_par ocr_line ocrx_word'/>
</head>
<body>
  <div class='ocr_page' id='page_1' title='image "./philosophinatur01wriggoog_0340.png"; bbox 0 0 3284 5517; ppageno 0'>
   <div class='ocr_carea' id='block_1_1' title="bbox 469 359 1477 444">
    <p class='ocr_par' dir='ltr' id='par_1_1' title="bbox 469 359 1477 444">
     <span class='ocr_line' id='line_1_1' title="bbox 469 359 1477 444; baseline 0.012 -12"><span class='ocrx_word' id='word_1_1' title='bbox 469 367 662 436; x_wconf 86' lang='lat' dir='ltr'>FLUXUS</span> <span class='ocrx_word' id='word_1_2' title='bbox 684 370 746 436; x_wconf 79' lang='lat' dir='ltr'>Ac</span> <span class='ocrx_word' id='word_1_3' title='bbox 768 369 1024 437; x_wconf 81' lang='lat' dir='ltr'><strong>REFLUXUS</strong></span> <span class='ocrx_word' id='word_1_4' title='bbox 1046 359 1206 438; x_wconf 85' lang='lat' dir='ltr'>MARIS.</span> <span class='ocrx_word' id='word_1_5' title='bbox 1413 379 1477 444; x_wconf 76' lang='lat' dir='ltr'>eet</span> 
     </span>
    </p>
   </div>
   <div class='ocr_carea' id='block_1_2' title="bbox 158 537 1483 1272">
    <p class='ocr_par' dir='ltr' id='par_1_2' title="bbox 158 537 1483 735">
     <span class='ocr_line' id='line_1_2' title="bbox 191 537 1481 641; baseline 0.005 -37"><span class='ocrx_word' id='word_1_6' title='bbox 191 537 413 617; x_wconf 71' lang='lat' dir='ltr'>obemanum</span> <span class='ocrx_word' id='word_1_7' title='bbox 434 540 525 641; x_wconf 78' lang='lat' dir='ltr'>eujus</span> <span class='ocrx_word' id='word_1_8' title='bbox 537 541 667 628; x_wconf 80' lang='lat' dir='ltr'>quidem</span> <span class='ocrx_word' id='word_1_9' title='bbox 679 541 898 609; x_wconf 71' lang='lat' dir='ltr'>retardationis</span> <span class='ocrx_word' id='word_1_10' title='bbox 911 563 1005 608; x_wconf 67' lang='lat' dir='ltr'>muse</span> <span class='ocrx_word' id='word_1_11' title='bbox 1018 543 1051 608; x_wconf 88' lang='lat' dir='ltr'>in</span> <span class='ocrx_word' id='word_1_12' title='bbox 1065 542 1238 631; x_wconf 65' lang='lat' dir='ltr'>ipsisque</span> <span class='ocrx_word' id='word_1_13' title='bbox 1251 541 1361 610; x_wconf 73' lang='lat' dir='ltr'>uertit</span> <span class='ocrx_word' id='word_1_14' title='bbox 1375 544 1481 628; x_wconf 77' lang='lat' dir='ltr'>posits</span> 
     </span>
     <span class='ocr_line' id='line_1_3' title="bbox 158 646 1483 735; baseline 0 -23"><span class='ocrx_word' id='word_1_15' title='bbox 158 725 162 735; x_wconf 29' lang='grc' dir='ltr'><strong><em>Ι</em></strong></span> <span class='ocrx_word' id='word_1_16' title='bbox 192 646 810 732; x_wconf 71' lang='lat' dir='ltr'>mseprimdetumsroeteperspieitnr.</span> <span class='ocrx_word' id='word_1_17' title='bbox 1387 714 1390 722; x_wconf 71' lang='grc'><strong><em>,</em></strong></span> <span class='ocrx_word' id='word_1_18' title='bbox 1476 687 1483 712; x_wconf 77' lang='lat' dir='ltr'>t</span> 
     </span>
    </p>

    <p class='ocr_par' dir='ltr' id='par_1_3' title="bbox 193 753 1483 1272">
     <span class='ocr_line' id='line_1_4' title="bbox 234 753 1480 843; baseline 0.001 -20"><span class='ocrx_word' id='word_1_19' title='bbox 234 761 328 838; x_wconf 65' lang='lat' dir='ltr'>W.</span> <span class='ocrx_word' id='word_1_20' title='bbox 350 757 562 834; x_wconf 78' lang='lat' dir='ltr'>Quanmmvis</span> <span class='ocrx_word' id='word_1_21' title='bbox 584 768 689 821; x_wconf 88' lang='lat' dir='ltr'>autem</span> <span class='ocrx_word' id='word_1_22' title='bbox 713 756 843 843; x_wconf 75' lang='lat' dir='ltr'>agitedo</span> <span class='ocrx_word' id='word_1_23' title='bbox 867 753 964 820; x_wconf 78' lang='lat' dir='ltr'>nuris</span> <span class='ocrx_word' id='word_1_24' title='bbox 987 755 1021 818; x_wconf 88' lang='lat' dir='ltr'>in</span> <span class='ocrx_word' id='word_1_25' title='bbox 1043 756 1294 840; x_wconf 76' lang='lat' dir='ltr'>precedentibus</span> <span class='ocrx_word' id='word_1_26' title='bbox 1315 757 1480 842; x_wconf 78' lang='lat' dir='ltr'>Capitibus</span> 
     </span>
     <span class='ocr_line' id='line_1_5' title="bbox 193 859 1482 949; baseline 0 -19"><span class='ocrx_word' id='word_1_27' title='bbox 193 863 399 930; x_wconf 76' lang='lat' dir='ltr'>determinate</span> <span class='ocrx_word' id='word_1_28' title='bbox 411 866 451 930; x_wconf 87' lang='lat' dir='ltr'>ab</span> <span class='ocrx_word' id='word_1_29' title='bbox 466 865 734 930; x_wconf 82' lang='lat' dir='ltr'>obsermtiombus</span> <span class='ocrx_word' id='word_1_30' title='bbox 744 865 916 942; x_wconf 71' lang='lat' dir='ltr'><strong>dissentiat,</strong></span> <span class='ocrx_word' id='word_1_31' title='bbox 932 875 1037 928; x_wconf 87' lang='lat' dir='ltr'>temen</span> <span class='ocrx_word' id='word_1_32' title='bbox 1050 863 1226 949; x_wconf 83' lang='lat' dir='ltr'>complures</span> <span class='ocrx_word' id='word_1_33' title='bbox 1240 859 1482 932; x_wconf 72' lang='lat' dir='ltr'>circumstantiis</span> 
     </span>
     <span class='ocr_line' id='line_1_6' title="bbox 194 970 1482 1057; baseline 0.003 -23"><span class='ocrx_word' id='word_1_34' title='bbox 194 991 263 1034; x_wconf 86' lang='lat' dir='ltr'>sese</span> <span class='ocrx_word' id='word_1_35' title='bbox 271 971 339 1055; x_wconf 87' lang='lat' dir='ltr'>jem</span> <span class='ocrx_word' id='word_1_36' title='bbox 352 971 566 1056; x_wconf 76' lang='lat' dir='ltr'>prebuerunt,</span> <span class='ocrx_word' id='word_1_37' title='bbox 581 970 785 1055; x_wconf 77' lang='lat' dir='ltr'>experientis</span> <span class='ocrx_word' id='word_1_38' title='bbox 797 981 961 1054; x_wconf 85' lang='lat' dir='ltr'>tantopere</span> <span class='ocrx_word' id='word_1_39' title='bbox 973 982 1201 1050; x_wconf 80' lang='lat' dir='ltr'>consentanee,</span> <span class='ocrx_word' id='word_1_40' title='bbox 1224 983 1260 1036; x_wconf 86' lang='lat' dir='ltr'>ut</span> <span class='ocrx_word' id='word_1_41' title='bbox 1273 972 1407 1057; x_wconf 87' lang='lat' dir='ltr'>amplide</span> <span class='ocrx_word' id='word_1_42' title='bbox 1420 973 1482 1038; x_wconf 85' lang='lat' dir='ltr'>dn-</span> 
     </span>
     <span class='ocr_line' id='line_1_7' title="bbox 195 1078 1483 1167; baseline 0.005 -24"><span class='ocrx_word' id='word_1_43' title='bbox 195 1078 296 1143; x_wconf 88' lang='lat' dir='ltr'>bitare</span> <span class='ocrx_word' id='word_1_44' title='bbox 316 1079 446 1144; x_wconf 88' lang='lat' dir='ltr'>omnino</span> <span class='ocrx_word' id='word_1_45' title='bbox 466 1101 667 1166; x_wconf 79' lang='lat' dir='ltr'>nequemne,</span> <span class='ocrx_word' id='word_1_46' title='bbox 684 1081 767 1165; x_wconf 88' lang='lat' dir='ltr'>quin</span> <span class='ocrx_word' id='word_1_47' title='bbox 786 1081 822 1142; x_wconf 89' lang='lat' dir='ltr'>in</span> <span class='ocrx_word' id='word_1_48' title='bbox 835 1078 953 1144; x_wconf 86' lang='lat' dir='ltr'>viribus</span> <span class='ocrx_word' id='word_1_49' title='bbox 969 1079 1074 1144; x_wconf 88' lang='lat' dir='ltr'>Solem</span> <span class='ocrx_word' id='word_1_50' title='bbox 1091 1079 1276 1167; x_wconf 74' lang='lat' dir='ltr'><strong>Lunamque</strong></span> <span class='ocrx_word' id='word_1_51' title='bbox 1289 1083 1483 1167; x_wconf 83' lang='lat' dir='ltr'>respicienti·</span> 
     </span>
     <span class='ocr_line' id='line_1_8' title="bbox 195 1185 1483 1272; baseline 0.002 -21"><span class='ocrx_word' id='word_1_52' title='bbox 195 1186 265 1263; x_wconf 89' lang='lat' dir='ltr'>bus,</span> <span class='ocrx_word' id='word_1_53' title='bbox 288 1202 366 1272; x_wconf 84' lang='lat' dir='ltr'>ques</span> <span class='ocrx_word' id='word_1_54' title='bbox 382 1208 447 1250; x_wconf 90' lang='lat' dir='ltr'>non</span> <span class='ocrx_word' id='word_1_55' title='bbox 461 1186 579 1252; x_wconf 72' lang='lat' dir='ltr'>temere</span> <span class='ocrx_word' id='word_1_56' title='bbox 592 1186 803 1265; x_wconf 85' lang='lat' dir='ltr'>assumsimus,</span> <span class='ocrx_word' id='word_1_57' title='bbox 827 1185 882 1252; x_wconf 91' lang='lat' dir='ltr'>sed</span> <span class='ocrx_word' id='word_1_58' title='bbox 902 1185 1029 1252; x_wconf 81' lang='lat' dir='ltr'><strong>aliunde</strong></span> <span class='ocrx_word' id='word_1_59' title='bbox 1043 1187 1176 1252; x_wconf 79' lang='lat' dir='ltr'><strong>existere</strong></span> <span class='ocrx_word' id='word_1_60' title='bbox 1190 1187 1483 1268; x_wconf 76' lang='lat' dir='ltr'>demomnnvimus,</span> 
     </span>
    </p>
   </div>
   <div class='ocr_carea' id='block_1_3' title="bbox 49 1293 1484 1384">
    <p class='ocr_par' dir='ltr' id='par_1_4' title="bbox 49 1293 1484 1384">
     <span class='ocr_line' id='line_1_9' title="bbox 49 1293 1484 1384; baseline 0.003 -26"><span class='ocrx_word' id='word_1_61' title='bbox 49 1374 52 1378; x_wconf 18' lang='grc' dir='ltr'>ι</span> <span class='ocrx_word' id='word_1_62' title='bbox 195 1317 271 1359; x_wconf 84' lang='lat' dir='ltr'>vere</span> <span class='ocrx_word' id='word_1_63' title='bbox 283 1305 316 1358; x_wconf 90' lang='lat' dir='ltr'>et</span> <span class='ocrx_word' id='word_1_64' title='bbox 328 1295 465 1382; x_wconf 81' lang='lat' dir='ltr'>genuine</span> <span class='ocrx_word' id='word_1_65' title='bbox 478 1293 573 1360; x_wconf 72' lang='lat' dir='ltr'>nstris</span> <span class='ocrx_word' id='word_1_66' title='bbox 586 1296 681 1358; x_wconf 89' lang='lat' dir='ltr'>maris</span> <span class='ocrx_word' id='word_1_67' title='bbox 694 1317 789 1360; x_wconf 85' lang='lat' dir='ltr'>censa</span> <span class='ocrx_word' id='word_1_68' title='bbox 798 1295 1007 1360; x_wconf 70' lang='lat' dir='ltr'>contineater.</span> <span class='ocrx_word' id='word_1_69' title='bbox 1046 1295 1143 1361; x_wconf 88' lang='lat' dir='ltr'>Henc</span> <span class='ocrx_word' id='word_1_70' title='bbox 1157 1296 1198 1360; x_wconf 92' lang='lat' dir='ltr'>ob</span> <span class='ocrx_word' id='word_1_71' title='bbox 1212 1317 1280 1362; x_wconf 89' lang='lat' dir='ltr'>rem</span> <span class='ocrx_word' id='word_1_72' title='bbox 1289 1298 1356 1384; x_wconf 89' lang='lat' dir='ltr'>jem</span> <span class='ocrx_word' id='word_1_73' title='bbox 1370 1297 1484 1372; x_wconf 70' lang='lat' dir='ltr'>meritd</span> 
     </span>
    </p>
   </div>
   <div class='ocr_carea' id='block_1_4' title="bbox 198 1393 1487 2351">
    <p class='ocr_par' dir='ltr' id='par_1_5' title="bbox 198 1393 1487 2351">
     <span class='ocr_line' id='line_1_10' title="bbox 198 1393 1483 1492; baseline 0.002 -25"><span class='ocrx_word' id='word_1_74' title='bbox 198 1403 348 1488; x_wconf 84' lang='lat' dir='ltr'>suspicari</span> <span class='ocrx_word' id='word_1_75' title='bbox 368 1403 451 1479; x_wconf 81' lang='lat' dir='ltr'>lieet,</span> <span class='ocrx_word' id='word_1_76' title='bbox 474 1401 681 1468; x_wconf 75' lang='lat' dir='ltr'>dissensiones</span> <span class='ocrx_word' id='word_1_77' title='bbox 703 1423 774 1488; x_wconf 79' lang='lat' dir='ltr'>quae</span> <span class='ocrx_word' id='word_1_78' title='bbox 794 1403 876 1492; x_wconf 85' lang='lat' dir='ltr'>inter</span> <span class='ocrx_word' id='word_1_79' title='bbox 896 1393 1051 1466; x_wconf 73' lang='lat' dir='ltr'>theoriam</span> <span class='ocrx_word' id='word_1_80' title='bbox 1072 1411 1221 1480; x_wconf 89' lang='lat' dir='ltr'>nostram,</span> <span class='ocrx_word' id='word_1_81' title='bbox 1245 1413 1397 1488; x_wconf 82' lang='lat' dir='ltr'>quetenus</span> <span class='ocrx_word' id='word_1_82' title='bbox 1410 1423 1483 1470; x_wconf 73' lang='lat' dir='ltr'>een</span> 
     </span>
     <span class='ocr_line' id='line_1_11' title="bbox 198 1507 1485 1610; baseline -0.002 -36"><span class='ocrx_word' id='word_1_83' title='bbox 198 1521 344 1574; x_wconf 78' lang='lat' dir='ltr'>msumtae</span> <span class='ocrx_word' id='word_1_84' title='bbox 357 1508 524 1595; x_wconf 70' lang='lat' dir='ltr'>hypothesi</span> <span class='ocrx_word' id='word_1_85' title='bbox 537 1509 812 1594; x_wconf 80' lang='lat' dir='ltr'>superstruximue,</span> <span class='ocrx_word' id='word_1_86' title='bbox 828 1520 861 1573; x_wconf 90' lang='lat' dir='ltr'>et</span> <span class='ocrx_word' id='word_1_87' title='bbox 874 1507 1100 1592; x_wconf 87' lang='lat' dir='ltr'>experientiam</span> <span class='ocrx_word' id='word_1_88' title='bbox 1113 1508 1322 1586; x_wconf 83' lang='lat' dir='ltr'>intercedunt,</span> <span class='ocrx_word' id='word_1_89' title='bbox 1336 1508 1377 1573; x_wconf 93' lang='lat' dir='ltr'>ab</span> <span class='ocrx_word' id='word_1_90' title='bbox 1391 1529 1485 1610; x_wconf 76' lang='lat' dir='ltr'>aqueq</span> 
     </span>
     <span class='ocr_line' id='line_1_12' title="bbox 198 1615 1484 1702; baseline 0.002 -22"><span class='ocrx_word' id='word_1_91' title='bbox 198 1615 310 1680; x_wconf 74' lang='lat' dir='ltr'>inertii</span> <span class='ocrx_word' id='word_1_92' title='bbox 324 1617 454 1702; x_wconf 85' lang='lat' dir='ltr'>aliisque</span> <span class='ocrx_word' id='word_1_93' title='bbox 468 1615 715 1694; x_wconf 83' lang='lat' dir='ltr'>circumstantiis,</span> <span class='ocrx_word' id='word_1_94' title='bbox 731 1637 864 1701; x_wconf 87' lang='lat' dir='ltr'>querum</span> <span class='ocrx_word' id='word_1_95' title='bbox 878 1616 995 1680; x_wconf 86' lang='lat' dir='ltr'>nullam</span> <span class='ocrx_word' id='word_1_96' title='bbox 1012 1615 1114 1682; x_wconf 89' lang='lat' dir='ltr'>edbuc</span> <span class='ocrx_word' id='word_1_97' title='bbox 1132 1619 1283 1682; x_wconf 84' lang='lat' dir='ltr'>rationem</span> <span class='ocrx_word' id='word_1_98' title='bbox 1304 1616 1484 1696; x_wconf 72' lang='lat' dir='ltr'>habuimus,</span> 
     </span>
     <span class='ocr_line' id='line_1_13' title="bbox 198 1721 1486 1810; baseline 0 -22"><span class='ocrx_word' id='word_1_99' title='bbox 198 1723 364 1810; x_wconf 85' lang='lat' dir='ltr'>proficisci.</span> <span class='ocrx_word' id='word_1_100' title='bbox 409 1723 568 1799; x_wconf 87' lang='lat' dir='ltr'>Quocirca</span> <span class='ocrx_word' id='word_1_101' title='bbox 592 1723 619 1786; x_wconf 86' lang='lat' dir='ltr'>si</span> <span class='ocrx_word' id='word_1_102' title='bbox 644 1721 749 1786; x_wconf 82' lang='lat' dir='ltr'>omnia</span> <span class='ocrx_word' id='word_1_103' title='bbox 769 1723 890 1788; x_wconf 78' lang='lat' dir='ltr'>inertie</span> <span class='ocrx_word' id='word_1_104' title='bbox 912 1721 1032 1786; x_wconf 85' lang='lat' dir='ltr'>ratione</span> <span class='ocrx_word' id='word_1_105' title='bbox 1054 1723 1160 1788; x_wconf 78' lang='lat' dir='ltr'>habiti</span> <span class='ocrx_word' id='word_1_106' title='bbox 1187 1722 1228 1788; x_wconf 92' lang='lat' dir='ltr'>ed</span> <span class='ocrx_word' id='word_1_107' title='bbox 1253 1723 1486 1802; x_wconf 74' lang='lat' dir='ltr'>observationes</span> 
     </span>
     <span class='ocr_line' id='line_1_14' title="bbox 199 1829 1486 1919; baseline -0.002 -22"><span class='ocrx_word' id='word_1_108' title='bbox 199 1831 330 1919; x_wconf 78' lang='lat' dir='ltr'>propius</span> <span class='ocrx_word' id='word_1_109' title='bbox 351 1829 511 1908; x_wconf 83' lang='lat' dir='ltr'>secedant,</span> <span class='ocrx_word' id='word_1_110' title='bbox 533 1831 567 1894; x_wconf 93' lang='lat' dir='ltr'>id</span> <span class='ocrx_word' id='word_1_111' title='bbox 581 1830 709 1917; x_wconf 90' lang='lat' dir='ltr'>quidem</span> <span class='ocrx_word' id='word_1_112' title='bbox 722 1841 842 1896; x_wconf 84' lang='lat' dir='ltr'>nostre</span> <span class='ocrx_word' id='word_1_113' title='bbox 855 1829 985 1894; x_wconf 82' lang='lat' dir='ltr'>tlreorioe</span> <span class='ocrx_word' id='word_1_114' title='bbox 999 1831 1171 1895; x_wconf 73' lang='lat' dir='ltr'>mexirmm</span> <span class='ocrx_word' id='word_1_115' title='bbox 1185 1831 1294 1896; x_wconf 75' lang='lat' dir='ltr'>afferet</span> <span class='ocrx_word' id='word_1_116' title='bbox 1307 1831 1486 1896; x_wconf 58' lang='lat' dir='ltr'>mamert-t</span> 
     </span>
     <span class='ocr_line' id='line_1_15' title="bbox 199 1935 1485 2025; baseline -0.003 -19"><span class='ocrx_word' id='word_1_117' title='bbox 199 1954 277 2018; x_wconf 88' lang='lat' dir='ltr'>turn,</span> <span class='ocrx_word' id='word_1_118' title='bbox 300 1950 394 2025; x_wconf 85' lang='lat' dir='ltr'>etque</span> <span class='ocrx_word' id='word_1_119' title='bbox 414 1937 507 2003; x_wconf 88' lang='lat' dir='ltr'>simul</span> <span class='ocrx_word' id='word_1_120' title='bbox 528 1959 636 2002; x_wconf 83' lang='lat' dir='ltr'>omnes</span> <span class='ocrx_word' id='word_1_121' title='bbox 650 1937 726 2004; x_wconf 87' lang='lat' dir='ltr'>alies</span> <span class='ocrx_word' id='word_1_122' title='bbox 740 1958 860 2014; x_wconf 70' lang='lat' dir='ltr'>muns,</span> <span class='ocrx_word' id='word_1_123' title='bbox 882 1957 954 2022; x_wconf 78' lang='lat' dir='ltr'>quse</span> <span class='ocrx_word' id='word_1_124' title='bbox 974 1947 1090 2020; x_wconf 80' lang='lat' dir='ltr'>preter</span> <span class='ocrx_word' id='word_1_125' title='bbox 1111 1937 1167 2002; x_wconf 84' lang='lat' dir='ltr'>hes</span> <span class='ocrx_word' id='word_1_126' title='bbox 1187 1935 1237 2002; x_wconf 82' lang='lat' dir='ltr'>vel</span> <span class='ocrx_word' id='word_1_127' title='bbox 1259 1951 1333 2004; x_wconf 86' lang='lat' dir='ltr'>eunt</span> <span class='ocrx_word' id='word_1_128' title='bbox 1351 1938 1485 2023; x_wconf 81' lang='lat' dir='ltr'>prolatae</span> 
     </span>
     <span class='ocr_line' id='line_1_16' title="bbox 200 2023 1487 2133; baseline -0.001 -22"><span class='ocrx_word' id='word_1_129' title='bbox 200 2048 250 2111; x_wconf 81' lang='lat' dir='ltr'>vel</span> <span class='ocrx_word' id='word_1_130' title='bbox 263 2023 397 2133; x_wconf 65' lang='lat' dir='ltr'>pioferri</span> <span class='ocrx_word' id='word_1_131' title='bbox 411 2055 551 2131; x_wconf 84' lang='lat' dir='ltr'>possunt,</span> <span class='ocrx_word' id='word_1_132' title='bbox 566 2043 722 2122; x_wconf 73' lang='lat' dir='ltr'>excludet,</span> <span class='ocrx_word' id='word_1_133' title='bbox 741 2043 906 2130; x_wconf 80' lang='lat' dir='ltr'>irritasque</span> <span class='ocrx_word' id='word_1_134' title='bbox 920 2042 1039 2108; x_wconf 86' lang='lat' dir='ltr'>reddet</span> <span class='ocrx_word' id='word_1_135' title='bbox 1087 2042 1170 2108; x_wconf 71' lang='lat' dir='ltr'>(idm</span> <span class='ocrx_word' id='word_1_136' title='bbox 1190 2043 1286 2132; x_wconf 79' lang='lat' dir='ltr'>igitur</span> <span class='ocrx_word' id='word_1_137' title='bbox 1300 2065 1487 2110; x_wconf 85' lang='lat' dir='ltr'>consensum</span> 
     </span>
     <span class='ocr_line' id='line_1_17' title="bbox 202 2148 1485 2240; baseline -0.002 -20"><span class='ocrx_word' id='word_1_138' title='bbox 202 2154 295 2240; x_wconf 88' lang='lat' dir='ltr'>hujus</span> <span class='ocrx_word' id='word_1_139' title='bbox 317 2151 448 2216; x_wconf 87' lang='lat' dir='ltr'>theorite</span> <span class='ocrx_word' id='word_1_140' title='bbox 474 2172 547 2216; x_wconf 90' lang='lat' dir='ltr'>cum</span> <span class='ocrx_word' id='word_1_141' title='bbox 574 2150 802 2237; x_wconf 70' lang='lat' dir='ltr'>phoenomenis,</span> <span class='ocrx_word' id='word_1_142' title='bbox 833 2171 910 2216; x_wconf 85' lang='lat' dir='ltr'>mox</span> <span class='ocrx_word' id='word_1_143' title='bbox 938 2149 1034 2214; x_wconf 84' lang='lat' dir='ltr'>simus</span> <span class='ocrx_word' id='word_1_144' title='bbox 1064 2150 1292 2216; x_wconf 75' lang='lat' dir='ltr'>evidentissimi</span> <span class='ocrx_word' id='word_1_145' title='bbox 1321 2148 1485 2232; x_wconf 79' lang='lat' dir='ltr'>ostensuri,</span> 
     </span>
     <span class='ocr_line' id='line_1_18' title="bbox 203 2233 1487 2351; baseline 0.003 -27"><span class='ocrx_word' id='word_1_146' title='bbox 203 2260 368 2347; x_wconf 63' lang='lat' dir='ltr'>questioni</span> <span class='ocrx_word' id='word_1_147' title='bbox 389 2260 429 2324; x_wconf 67' lang='lat' dir='ltr'>ab</span> <span class='ocrx_word' id='word_1_148' title='bbox 451 2257 568 2346; x_wconf 65' lang='lat' dir='ltr'>neue</span> <span class='ocrx_word' id='word_1_149' title='bbox 589 2257 761 2351; x_wconf 63' lang='lat' dir='ltr'>naemu</span> <span class='ocrx_word' id='word_1_150' title='bbox 781 2257 952 2344; x_wconf 69' lang='lat' dir='ltr'>proposes</span> <span class='ocrx_word' id='word_1_151' title='bbox 966 2280 1007 2323; x_wconf 77' lang='lat' dir='ltr'>ex</span> <span class='ocrx_word' id='word_1_152' title='bbox 1022 2281 1090 2324; x_wconf 71' lang='lat' dir='ltr'>asse</span> <span class='ocrx_word' id='word_1_153' title='bbox 1104 2259 1287 2325; x_wconf 63' lang='lat' dir='ltr'>saeternae</span> <span class='ocrx_word' id='word_1_154' title='bbox 1302 2263 1375 2346; x_wconf 71' lang='lat' dir='ltr'>jure</span> <span class='ocrx_word' id='word_1_155' title='bbox 1394 2233 1487 2328; x_wconf 78' lang='lat' dir='ltr'>nobb</span> 
     </span>
    </p>
   </div>
   <div class='ocr_carea' id='block_1_5' title="bbox 203 2363 1565 2790">
    <p class='ocr_par' dir='ltr' id='par_1_6' title="bbox 203 2363 1565 2790">
     <span class='ocr_line' id='line_1_19' title="bbox 203 2363 1489 2454; baseline 0.002 -23"><span class='ocrx_word' id='word_1_156' title='bbox 203 2367 397 2446; x_wconf 68' lang='lat' dir='ltr'>uidebimur:</span> <span class='ocrx_word' id='word_1_157' title='bbox 431 2363 505 2430; x_wconf 80' lang='lat' dir='ltr'>crim</span> <span class='ocrx_word' id='word_1_158' title='bbox 525 2387 591 2430; x_wconf 90' lang='lat' dir='ltr'>non</span> <span class='ocrx_word' id='word_1_159' title='bbox 613 2366 715 2430; x_wconf 90' lang='lat' dir='ltr'>solum</span> <span class='ocrx_word' id='word_1_160' title='bbox 736 2364 839 2428; x_wconf 90' lang='lat' dir='ltr'>nullas</span> <span class='ocrx_word' id='word_1_161' title='bbox 862 2365 943 2430; x_wconf 80' lang='lat' dir='ltr'>vires</span> <span class='ocrx_word' id='word_1_162' title='bbox 966 2365 1164 2454; x_wconf 78' lang='lat' dir='ltr'>imaginarias</span> <span class='ocrx_word' id='word_1_163' title='bbox 1187 2366 1407 2447; x_wconf 81' lang='lat' dir='ltr'>effinxerimm,</span> <span class='ocrx_word' id='word_1_164' title='bbox 1432 2368 1489 2434; x_wconf 87' lang='lat' dir='ltr'>sed</span> 
     </span>
     <span class='ocr_line' id='line_1_20' title="bbox 203 2464 1489 2561; baseline 0 -19"><span class='ocrx_word' id='word_1_165' title='bbox 203 2479 297 2542; x_wconf 89' lang='lat' dir='ltr'>etiam</span> <span class='ocrx_word' id='word_1_166' title='bbox 318 2476 431 2540; x_wconf 82' lang='lat' dir='ltr'>virium</span> <span class='ocrx_word' id='word_1_167' title='bbox 452 2475 579 2540; x_wconf 89' lang='lat' dir='ltr'>Lunam</span> <span class='ocrx_word' id='word_1_168' title='bbox 602 2464 770 2561; x_wconf 78' lang='lat' dir='ltr'>solemque</span> <span class='ocrx_word' id='word_1_169' title='bbox 790 2473 1022 2558; x_wconf 82' lang='lat' dir='ltr'>respicientium</span> <span class='ocrx_word' id='word_1_170' title='bbox 1045 2473 1240 2540; x_wconf 81' lang='lat' dir='ltr'>existentiam</span> <span class='ocrx_word' id='word_1_171' title='bbox 1261 2475 1387 2540; x_wconf 88' lang='lat' dir='ltr'>aliunde</span> <span class='ocrx_word' id='word_1_172' title='bbox 1406 2476 1489 2542; x_wconf 81' lang='lat' dir='ltr'>dilu-</span> 
     </span>
     <span class='ocr_line' id='line_1_21' title="bbox 204 2583 1489 2674; baseline 0.002 -23"><span class='ocrx_word' id='word_1_173' title='bbox 204 2586 273 2651; x_wconf 77' lang='lat' dir='ltr'>eide</span> <span class='ocrx_word' id='word_1_174' title='bbox 293 2585 486 2651; x_wconf 82' lang='lat' dir='ltr'>evicerimus.</span> <span class='ocrx_word' id='word_1_175' title='bbox 531 2585 644 2672; x_wconf 86' lang='lat' dir='ltr'>Neque</span> <span class='ocrx_word' id='word_1_176' title='bbox 663 2607 738 2650; x_wconf 79' lang='lat' dir='ltr'>vero</span> <span class='ocrx_word' id='word_1_177' title='bbox 758 2585 794 2649; x_wconf 91' lang='lat' dir='ltr'>in</span> <span class='ocrx_word' id='word_1_178' title='bbox 812 2583 875 2648; x_wconf 92' lang='lat' dir='ltr'>hoc</span> <span class='ocrx_word' id='word_1_179' title='bbox 896 2583 1024 2672; x_wconf 81' lang='lat' dir='ltr'>negotio</span> <span class='ocrx_word' id='word_1_180' title='bbox 1043 2607 1115 2650; x_wconf 87' lang='lat' dir='ltr'>cum</span> <span class='ocrx_word' id='word_1_181' title='bbox 1133 2585 1290 2672; x_wconf 86' lang='lat' dir='ltr'>plerisque</span> <span class='ocrx_word' id='word_1_182' title='bbox 1310 2587 1489 2674; x_wconf 80' lang='lat' dir='ltr'>Anglorum</span> 
     </span>
     <span class='ocr_line' id='line_1_22' title="bbox 204 2689 1565 2790; baseline 0.001 -30"><span class='ocrx_word' id='word_1_183' title='bbox 204 2694 247 2760; x_wconf 87' lang='lat' dir='ltr'>ed</span> <span class='ocrx_word' id='word_1_184' title='bbox 260 2693 422 2780; x_wconf 78' lang='lat' dir='ltr'>qualitates</span> <span class='ocrx_word' id='word_1_185' title='bbox 436 2691 573 2758; x_wconf 83' lang='lat' dir='ltr'>occultas</span> <span class='ocrx_word' id='word_1_186' title='bbox 586 2714 693 2758; x_wconf 83' lang='lat' dir='ltr'>eumue</span> <span class='ocrx_word' id='word_1_187' title='bbox 708 2691 838 2778; x_wconf 82' lang='lat' dir='ltr'>delapsi,</span> <span class='ocrx_word' id='word_1_188' title='bbox 854 2689 963 2757; x_wconf 75' lang='lat' dir='ltr'>verium</span> <span class='ocrx_word' id='word_1_189' title='bbox 976 2693 1080 2776; x_wconf 82' lang='lat' dir='ltr'>potius</span> <span class='ocrx_word' id='word_1_190' title='bbox 1096 2713 1221 2758; x_wconf 75' lang='lat' dir='ltr'>eausam</span> <span class='ocrx_word' id='word_1_191' title='bbox 1235 2693 1366 2760; x_wconf 73' lang='lat' dir='ltr'>istarum</span> <span class='ocrx_word' id='word_1_192' title='bbox 1375 2695 1489 2790; x_wconf 69' lang='lat' dir='ltr'>sirium</span> <span class='ocrx_word' id='word_1_193' title='bbox 1561 2701 1565 2707; x_wconf 86' lang='grc'><em>“</em></span> 
     </span>
    </p>
   </div>
   <div class='ocr_carea' id='block_1_6' title="bbox 199 2799 1492 4612">
    <p class='ocr_par' dir='ltr' id='par_1_7' title="bbox 204 2799 1490 3210">
     <span class='ocr_line' id='line_1_23' title="bbox 205 2799 1488 2888; baseline 0.003 -22"><span class='ocrx_word' id='word_1_194' title='bbox 205 2801 302 2866; x_wconf 87' lang='lat' dir='ltr'>modo</span> <span class='ocrx_word' id='word_1_195' title='bbox 322 2801 467 2866; x_wconf 81' lang='lat' dir='ltr'>rationali</span> <span class='ocrx_word' id='word_1_196' title='bbox 486 2813 519 2866; x_wconf 88' lang='lat' dir='ltr'>et</span> <span class='ocrx_word' id='word_1_197' title='bbox 540 2800 662 2888; x_wconf 77' lang='lat' dir='ltr'>legibus</span> <span class='ocrx_word' id='word_1_198' title='bbox 681 2799 785 2866; x_wconf 81' lang='lat' dir='ltr'>motha</span> <span class='ocrx_word' id='word_1_199' title='bbox 806 2811 1017 2866; x_wconf 87' lang='lat' dir='ltr'>consentaneo</span> <span class='ocrx_word' id='word_1_200' title='bbox 1030 2801 1065 2864; x_wconf 94' lang='lat' dir='ltr'>in</span> <span class='ocrx_word' id='word_1_201' title='bbox 1078 2802 1247 2868; x_wconf 82' lang='lat' dir='ltr'>vorticibus</span> <span class='ocrx_word' id='word_1_202' title='bbox 1261 2804 1488 2885; x_wconf 78' lang='lat' dir='ltr'>constituimus,</span> 
     </span>
     <span class='ocr_line' id='line_1_24' title="bbox 204 2908 1490 2998; baseline 0.002 -22"><span class='ocrx_word' id='word_1_203' title='bbox 204 2933 339 2998; x_wconf 90' lang='lat' dir='ltr'>quorum</span> <span class='ocrx_word' id='word_1_204' title='bbox 362 2909 494 2975; x_wconf 86' lang='lat' dir='ltr'>formam</span> <span class='ocrx_word' id='word_1_205' title='bbox 515 2921 609 2996; x_wconf 81' lang='lat' dir='ltr'>etque</span> <span class='ocrx_word' id='word_1_206' title='bbox 622 2908 762 2974; x_wconf 89' lang='lat' dir='ltr'>indolem</span> <span class='ocrx_word' id='word_1_207' title='bbox 774 2908 948 2974; x_wconf 83' lang='lat' dir='ltr'>luculenter</span> <span class='ocrx_word' id='word_1_208' title='bbox 962 2908 1119 2992; x_wconf 85' lang='lat' dir='ltr'>explicare</span> <span class='ocrx_word' id='word_1_209' title='bbox 1132 2931 1312 2994; x_wconf 77' lang='lat' dir='ltr'>possemue3</span> <span class='ocrx_word' id='word_1_210' title='bbox 1337 2911 1432 2998; x_wconf 88' lang='lat' dir='ltr'>idque</span> <span class='ocrx_word' id='word_1_211' title='bbox 1445 2912 1490 2978; x_wconf 82' lang='lat' dir='ltr'>se·</span> 
     </span>
     <span class='ocr_line' id='line_1_25' title="bbox 204 3014 1490 3102; baseline 0 -16"><span class='ocrx_word' id='word_1_212' title='bbox 204 3022 361 3096; x_wconf 57' lang='lat' dir='ltr'>mutue,</span> <span class='ocrx_word' id='word_1_213' title='bbox 383 3018 445 3082; x_wconf 89' lang='lat' dir='ltr'>nisi</span> <span class='ocrx_word' id='word_1_214' title='bbox 466 3015 1140 3102; x_wconf 81' lang='lat' dir='ltr'>ebaliiscdmjemeetisessetexposiurm,</span> <span class='ocrx_word' id='word_1_215' title='bbox 1157 3014 1490 3086; x_wconf 78' lang='lat' dir='ltr'>thmetiemebillue-</span> 
     </span>
     <span class='ocr_line' id='line_1_26' title="bbox 205 3119 1303 3210; baseline -0.001 -20"><span class='ocrx_word' id='word_1_216' title='bbox 205 3125 338 3190; x_wconf 76' lang='lat' dir='ltr'>trissimti</span> <span class='ocrx_word' id='word_1_217' title='bbox 354 3123 525 3191; x_wconf 73' lang='lat' dir='ltr'>Academici</span> <span class='ocrx_word' id='word_1_218' title='bbox 538 3123 573 3188; x_wconf 90' lang='lat' dir='ltr'>in</span> <span class='ocrx_word' id='word_1_219' title='bbox 586 3134 743 3209; x_wconf 70' lang='lat' dir='ltr'>presente</span> <span class='ocrx_word' id='word_1_220' title='bbox 756 3122 931 3210; x_wconf 72' lang='lat' dir='ltr'>questione</span> <span class='ocrx_word' id='word_1_221' title='bbox 945 3119 1010 3186; x_wconf 86' lang='lat' dir='ltr'>non</span> <span class='ocrx_word' id='word_1_222' title='bbox 1024 3123 1140 3208; x_wconf 85' lang='lat' dir='ltr'>requiri</span> <span class='ocrx_word' id='word_1_223' title='bbox 1153 3121 1303 3189; x_wconf 80' lang='lat' dir='ltr'>videenu.</span> 
     </span>
    </p>

    <p class='ocr_par' dir='ltr' id='par_1_8' title="bbox 199 3229 1492 4612">
     <span class='ocr_line' id='line_1_27' title="bbox 248 3229 1491 3318; baseline -0.012 -15"><span class='ocrx_word' id='word_1_224' title='bbox 248 3239 272 3317; x_wconf 72' lang='lat' dir='ltr'>i·</span> <span class='ocrx_word' id='word_1_225' title='bbox 288 3241 341 3303; x_wconf 79' lang='lat'>73.</span> <span class='ocrx_word' id='word_1_226' title='bbox 364 3233 453 3298; x_wconf 88' lang='lat' dir='ltr'>Dum</span> <span class='ocrx_word' id='word_1_227' title='bbox 473 3232 569 3318; x_wconf 80' lang='lat' dir='ltr'>igitur</span> <span class='ocrx_word' id='word_1_228' title='bbox 589 3231 740 3296; x_wconf 83' lang='lat' dir='ltr'>hactenus</span> <span class='ocrx_word' id='word_1_229' title='bbox 761 3251 852 3316; x_wconf 84' lang='lat' dir='ltr'>equae</span> <span class='ocrx_word' id='word_1_230' title='bbox 873 3249 999 3292; x_wconf 89' lang='lat' dir='ltr'>omnem</span> <span class='ocrx_word' id='word_1_231' title='bbox 1013 3229 1156 3294; x_wconf 89' lang='lat' dir='ltr'>inertiam</span> <span class='ocrx_word' id='word_1_232' title='bbox 1170 3229 1358 3316; x_wconf 68' lang='lat' dir='ltr'>cogitatione</span> <span class='ocrx_word' id='word_1_233' title='bbox 1372 3231 1491 3314; x_wconf 76' lang='lat' dir='ltr'>ademi.</span> 
     </span>
     <span class='ocr_line' id='line_1_28' title="bbox 204 3333 1490 3426; baseline -0.002 -21"><span class='ocrx_word' id='word_1_234' title='bbox 204 3364 285 3420; x_wconf 89' lang='lat' dir='ltr'>mus,</span> <span class='ocrx_word' id='word_1_235' title='bbox 299 3341 359 3426; x_wconf 86' lang='lat' dir='ltr'>ipsi</span> <span class='ocrx_word' id='word_1_236' title='bbox 374 3338 526 3425; x_wconf 88' lang='lat' dir='ltr'>ejusmodi</span> <span class='ocrx_word' id='word_1_237' title='bbox 540 3338 719 3424; x_wconf 73' lang='lat' dir='ltr'>qualitatem</span> <span class='ocrx_word' id='word_1_238' title='bbox 733 3335 920 3412; x_wconf 70' lang='lat' dir='ltr'>efficicimus,</span> <span class='ocrx_word' id='word_1_239' title='bbox 933 3335 995 3420; x_wconf 76' lang='lat' dir='ltr'>qud</span> <span class='ocrx_word' id='word_1_240' title='bbox 1010 3333 1127 3398; x_wconf 87' lang='lat' dir='ltr'>viribus</span> <span class='ocrx_word' id='word_1_241' title='bbox 1139 3334 1374 3402; x_wconf 69' lang='lat' dir='ltr'>sollicitantibus</span> <span class='ocrx_word' id='word_1_242' title='bbox 1384 3337 1490 3404; x_wconf 74' lang='lat' dir='ltr'>subiet</span> 
     </span>
     <span class='ocr_line' id='line_1_29' title="bbox 204 3435 1490 3533; baseline -0.004 -20"><span class='ocrx_word' id='word_1_243' title='bbox 204 3435 435 3533; x_wconf 83' lang='lat' dir='ltr'>obsequeretur,</span> <span class='ocrx_word' id='word_1_244' title='bbox 452 3466 547 3530; x_wconf 87' lang='lat' dir='ltr'>seque</span> <span class='ocrx_word' id='word_1_245' title='bbox 567 3444 601 3506; x_wconf 90' lang='lat' dir='ltr'>in</span> <span class='ocrx_word' id='word_1_246' title='bbox 613 3442 741 3506; x_wconf 88' lang='lat' dir='ltr'>instanti</span> <span class='ocrx_word' id='word_1_247' title='bbox 761 3442 797 3504; x_wconf 92' lang='lat' dir='ltr'>in</span> <span class='ocrx_word' id='word_1_248' title='bbox 810 3463 884 3506; x_wconf 85' lang='lat' dir='ltr'>eum</span> <span class='ocrx_word' id='word_1_249' title='bbox 897 3453 1012 3506; x_wconf 85' lang='lat' dir='ltr'>stetum</span> <span class='ocrx_word' id='word_1_250' title='bbox 1026 3439 1187 3524; x_wconf 87' lang='lat' dir='ltr'>reciperet,</span> <span class='ocrx_word' id='word_1_251' title='bbox 1203 3441 1314 3528; x_wconf 90' lang='lat' dir='ltr'>inquo</span> <span class='ocrx_word' id='word_1_252' title='bbox 1329 3463 1401 3508; x_wconf 86' lang='lat' dir='ltr'>cum</span> <span class='ocrx_word' id='word_1_253' title='bbox 1414 3445 1490 3508; x_wconf 71' lang='lat' dir='ltr'>vich</span> 
     </span>
     <span class='ocr_line' id='line_1_30' title="bbox 204 3547 1489 3646; baseline -0.002 -27"><span class='ocrx_word' id='word_1_254' title='bbox 204 3555 263 3619; x_wconf 88' lang='lat' dir='ltr'>bus</span> <span class='ocrx_word' id='word_1_255' title='bbox 286 3553 319 3616; x_wconf 90' lang='lat' dir='ltr'>in</span> <span class='ocrx_word' id='word_1_256' title='bbox 342 3551 516 3640; x_wconf 74' lang='lat' dir='ltr'>aequilibrio</span> <span class='ocrx_word' id='word_1_257' title='bbox 541 3550 739 3626; x_wconf 59' lang='lat' dir='ltr'>consisterem</span> <span class='ocrx_word' id='word_1_258' title='bbox 769 3547 892 3634; x_wconf 90' lang='lat' dir='ltr'>hocque</span> <span class='ocrx_word' id='word_1_259' title='bbox 917 3559 1011 3646; x_wconf 83' lang='lat' dir='ltr'>pecto</span> <span class='ocrx_word' id='word_1_260' title='bbox 1035 3569 1148 3632; x_wconf 82' lang='lat' dir='ltr'>equam</span> <span class='ocrx_word' id='word_1_261' title='bbox 1172 3569 1239 3612; x_wconf 91' lang='lat' dir='ltr'>non</span> <span class='ocrx_word' id='word_1_262' title='bbox 1261 3547 1363 3614; x_wconf 79' lang='lat' dir='ltr'>solum</span> <span class='ocrx_word' id='word_1_263' title='bbox 1384 3551 1489 3632; x_wconf 68' lang='lat' dir='ltr'>subitis</span> 
     </span>
     <span class='ocr_line' id='line_1_31' title="bbox 203 3657 1489 3747; baseline -0.004 -17"><span class='ocrx_word' id='word_1_264' title='bbox 203 3665 304 3730; x_wconf 89' lang='lat' dir='ltr'>omnis</span> <span class='ocrx_word' id='word_1_265' title='bbox 326 3663 430 3728; x_wconf 86' lang='lat' dir='ltr'>moths</span> <span class='ocrx_word' id='word_1_266' title='bbox 453 3681 600 3747; x_wconf 85' lang='lat' dir='ltr'>oepeoem</span> <span class='ocrx_word' id='word_1_267' title='bbox 621 3660 792 3746; x_wconf 82' lang='lat' dir='ltr'>posuimus,</span> <span class='ocrx_word' id='word_1_268' title='bbox 817 3657 874 3722; x_wconf 91' lang='lat' dir='ltr'>sed</span> <span class='ocrx_word' id='word_1_269' title='bbox 896 3657 988 3722; x_wconf 81' lang='lat' dir='ltr'>etiam</span> <span class='ocrx_word' id='word_1_270' title='bbox 1010 3657 1055 3720; x_wconf 91' lang='lat' dir='ltr'>ita</span> <span class='ocrx_word' id='word_1_271' title='bbox 1075 3671 1297 3742; x_wconf 85' lang='lat' dir='ltr'>comparatam,</span> <span class='ocrx_word' id='word_1_272' title='bbox 1321 3673 1355 3725; x_wconf 88' lang='lat' dir='ltr'>ut</span> <span class='ocrx_word' id='word_1_273' title='bbox 1377 3662 1489 3747; x_wconf 78' lang='lat' dir='ltr'>quovis</span> 
     </span>
     <span class='ocr_line' id='line_1_32' title="bbox 201 3765 1489 3856; baseline 0 -20"><span class='ocrx_word' id='word_1_274' title='bbox 201 3784 360 3836; x_wconf 87' lang='lat' dir='ltr'>momento</span> <span class='ocrx_word' id='word_1_275' title='bbox 380 3792 506 3835; x_wconf 90' lang='lat' dir='ltr'>omnem</span> <span class='ocrx_word' id='word_1_276' title='bbox 524 3769 690 3856; x_wconf 84' lang='lat' dir='ltr'>pristinum</span> <span class='ocrx_word' id='word_1_277' title='bbox 710 3778 832 3833; x_wconf 88' lang='lat' dir='ltr'>motum</span> <span class='ocrx_word' id='word_1_278' title='bbox 854 3766 983 3833; x_wconf 75' lang='lat' dir='ltr'>emittet.</span> <span class='ocrx_word' id='word_1_279' title='bbox 1028 3765 1140 3854; x_wconf 72' lang='lat' dir='ltr'>Longe</span> <span class='ocrx_word' id='word_1_280' title='bbox 1162 3767 1251 3834; x_wconf 85' lang='lat' dir='ltr'>aliter</span> <span class='ocrx_word' id='word_1_281' title='bbox 1266 3781 1370 3836; x_wconf 85' lang='lat' dir='ltr'>eutem</span> <span class='ocrx_word' id='word_1_282' title='bbox 1386 3791 1437 3836; x_wconf 75' lang='lat' dir='ltr'>res</span> <span class='ocrx_word' id='word_1_283' title='bbox 1451 3793 1489 3836; x_wconf 85' lang='lat' dir='ltr'>ee</span> 
     </span>
     <span class='ocr_line' id='line_1_33' title="bbox 202 3873 1490 3965; baseline 0.003 -23"><span class='ocrx_word' id='word_1_284' title='bbox 202 3879 306 3956; x_wconf 84' lang='lat' dir='ltr'>habet,</span> <span class='ocrx_word' id='word_1_285' title='bbox 328 3879 354 3942; x_wconf 90' lang='lat' dir='ltr'>si</span> <span class='ocrx_word' id='word_1_286' title='bbox 374 3879 495 3943; x_wconf 75' lang='lat' dir='ltr'>inertie</span> <span class='ocrx_word' id='word_1_287' title='bbox 510 3877 596 3942; x_wconf 85' lang='lat' dir='ltr'>&#39;ratio</span> <span class='ocrx_word' id='word_1_288' title='bbox 617 3877 652 3940; x_wconf 92' lang='lat' dir='ltr'>in</span> <span class='ocrx_word' id='word_1_289' title='bbox 673 3888 856 3961; x_wconf 90' lang='lat' dir='ltr'>computum</span> <span class='ocrx_word' id='word_1_290' title='bbox 874 3873 1007 3940; x_wconf 84' lang='lat' dir='ltr'>ducetur</span> <span class='ocrx_word' id='word_1_291' title='bbox 1016 3898 1026 3953; x_wconf 92' lang='lat'>;</span> <span class='ocrx_word' id='word_1_292' title='bbox 1048 3874 1118 3940; x_wconf 86' lang='lat' dir='ltr'>btec</span> <span class='ocrx_word' id='word_1_293' title='bbox 1130 3876 1214 3940; x_wconf 91' lang='lat' dir='ltr'>enim</span> <span class='ocrx_word' id='word_1_294' title='bbox 1228 3877 1322 3944; x_wconf 88' lang='lat' dir='ltr'>efficit</span> <span class='ocrx_word' id='word_1_295' title='bbox 1335 3891 1371 3944; x_wconf 89' lang='lat' dir='ltr'>ut</span> <span class='ocrx_word' id='word_1_296' title='bbox 1383 3879 1490 3965; x_wconf 84' lang='lat' dir='ltr'>primb</span> 
     </span>
     <span class='ocr_line' id='line_1_34' title="bbox 202 3984 1491 4074; baseline 0 -22"><span class='ocrx_word' id='word_1_297' title='bbox 202 4009 283 4074; x_wconf 86' lang='lat' dir='ltr'>eque</span> <span class='ocrx_word' id='word_1_298' title='bbox 301 4008 367 4050; x_wconf 91' lang='lat' dir='ltr'>non</span> <span class='ocrx_word' id='word_1_299' title='bbox 388 3986 491 4052; x_wconf 82' lang='lat' dir='ltr'>subitd</span> <span class='ocrx_word' id='word_1_300' title='bbox 513 4009 549 4051; x_wconf 89' lang='lat' dir='ltr'>ee</span> <span class='ocrx_word' id='word_1_301' title='bbox 568 3985 610 4050; x_wconf 89' lang='lat' dir='ltr'>ed</span> <span class='ocrx_word' id='word_1_302' title='bbox 632 4006 705 4049; x_wconf 91' lang='lat' dir='ltr'>eum</span> <span class='ocrx_word' id='word_1_303' title='bbox 719 3984 814 4050; x_wconf 90' lang='lat' dir='ltr'>situm</span> <span class='ocrx_word' id='word_1_304' title='bbox 828 3995 1005 4068; x_wconf 75' lang='lat' dir='ltr'>componet,</span> <span class='ocrx_word' id='word_1_305' title='bbox 1028 4003 1122 4068; x_wconf 85' lang='lat' dir='ltr'>quem</span> <span class='ocrx_word' id='word_1_306' title='bbox 1136 3984 1217 4050; x_wconf 81' lang='lat' dir='ltr'>vires</span> <span class='ocrx_word' id='word_1_307' title='bbox 1230 3984 1408 4065; x_wconf 83' lang='lat' dir='ltr'>intendunt,</span> <span class='ocrx_word' id='word_1_308' title='bbox 1430 3987 1491 4052; x_wconf 82' lang='lat' dir='ltr'>sed</span> 
     </span>
     <span class='ocr_line' id='line_1_35' title="bbox 202 4093 1487 4182; baseline 0.004 -23"><span class='ocrx_word' id='word_1_309' title='bbox 202 4095 394 4182; x_wconf 86' lang='lat' dir='ltr'>pedetentim</span> <span class='ocrx_word' id='word_1_310' title='bbox 414 4117 472 4180; x_wconf 89' lang='lat' dir='ltr'>per</span> <span class='ocrx_word' id='word_1_311' title='bbox 492 4117 601 4177; x_wconf 81' lang='lat' dir='ltr'>omnes</span> <span class='ocrx_word' id='word_1_312' title='bbox 620 4094 739 4182; x_wconf 78' lang='lat' dir='ltr'>gradus</span> <span class='ocrx_word' id='word_1_313' title='bbox 759 4094 881 4171; x_wconf 82' lang='lat' dir='ltr'>medios</span> <span class='ocrx_word' id='word_1_314' title='bbox 902 4093 944 4158; x_wconf 90' lang='lat' dir='ltr'>ed</span> <span class='ocrx_word' id='word_1_315' title='bbox 964 4116 1037 4160; x_wconf 89' lang='lat' dir='ltr'>eum</span> <span class='ocrx_word' id='word_1_316' title='bbox 1051 4095 1195 4173; x_wconf 65' lang='lat' dir='ltr'>moedau</span> <span class='ocrx_word' id='word_1_317' title='bbox 1217 4095 1331 4162; x_wconf 88' lang='lat' dir='ltr'>deinde</span> <span class='ocrx_word' id='word_1_318' title='bbox 1344 4097 1419 4164; x_wconf 78' lang='lat' dir='ltr'>verb</span> <span class='ocrx_word' id='word_1_319' title='bbox 1433 4119 1487 4164; x_wconf 79' lang='lat' dir='ltr'>ee·</span> 
     </span>
     <span class='ocr_line' id='line_1_36' title="bbox 201 4196 1484 4290; baseline 0.005 -24"><span class='ocrx_word' id='word_1_320' title='bbox 201 4203 273 4266; x_wconf 90' lang='lat' dir='ltr'>dem</span> <span class='ocrx_word' id='word_1_321' title='bbox 287 4201 398 4266; x_wconf 85' lang='lat' dir='ltr'>inertie</span> <span class='ocrx_word' id='word_1_322' title='bbox 412 4201 444 4265; x_wconf 93' lang='lat' dir='ltr'>in</span> <span class='ocrx_word' id='word_1_323' title='bbox 458 4225 552 4267; x_wconf 86' lang='lat' dir='ltr'>censa</span> <span class='ocrx_word' id='word_1_324' title='bbox 564 4213 621 4281; x_wconf 81' lang='lat' dir='ltr'>est,</span> <span class='ocrx_word' id='word_1_325' title='bbox 638 4199 724 4288; x_wconf 82' lang='lat' dir='ltr'>qubd</span> <span class='ocrx_word' id='word_1_326' title='bbox 738 4223 829 4286; x_wconf 87' lang='lat' dir='ltr'>aque,</span> <span class='ocrx_word' id='word_1_327' title='bbox 852 4196 924 4264; x_wconf 81' lang='lat' dir='ltr'>etim</span> <span class='ocrx_word' id='word_1_328' title='bbox 944 4201 978 4264; x_wconf 88' lang='lat' dir='ltr'>in</span> <span class='ocrx_word' id='word_1_329' title='bbox 992 4213 1107 4266; x_wconf 88' lang='lat' dir='ltr'>stetum</span> <span class='ocrx_word' id='word_1_330' title='bbox 1121 4203 1286 4288; x_wconf 75' lang='lat' dir='ltr'>equilibrii</span> <span class='ocrx_word' id='word_1_331' title='bbox 1298 4207 1484 4290; x_wconf 80' lang='lat' dir='ltr'>pervenerit,</span> 
     </span>
     <span class='ocr_line' id='line_1_37' title="bbox 199 4307 1492 4400; baseline 0.003 -24"><span class='ocrx_word' id='word_1_332' title='bbox 199 4313 244 4376; x_wconf 89' lang='lat' dir='ltr'>ibi</span> <span class='ocrx_word' id='word_1_333' title='bbox 258 4333 322 4376; x_wconf 91' lang='lat' dir='ltr'>non</span> <span class='ocrx_word' id='word_1_334' title='bbox 336 4312 521 4398; x_wconf 74' lang='lat' dir='ltr'>acquiescet,</span> <span class='ocrx_word' id='word_1_335' title='bbox 543 4311 600 4375; x_wconf 88' lang='lat' dir='ltr'>sed</span> <span class='ocrx_word' id='word_1_336' title='bbox 614 4312 656 4377; x_wconf 91' lang='lat' dir='ltr'>ob</span> <span class='ocrx_word' id='word_1_337' title='bbox 668 4324 790 4376; x_wconf 91' lang='lat' dir='ltr'>motum</span> <span class='ocrx_word' id='word_1_338' title='bbox 811 4310 939 4374; x_wconf 87' lang='lat' dir='ltr'>insitum</span> <span class='ocrx_word' id='word_1_339' title='bbox 953 4307 1035 4374; x_wconf 77' lang='lat' dir='ltr'>ultrei</span> <span class='ocrx_word' id='word_1_340' title='bbox 1048 4311 1279 4398; x_wconf 71' lang='lat' dir='ltr'>progredietur,</span> <span class='ocrx_word' id='word_1_341' title='bbox 1300 4315 1404 4400; x_wconf 83' lang='lat' dir='ltr'>quoad</span> <span class='ocrx_word' id='word_1_342' title='bbox 1418 4337 1492 4380; x_wconf 48' lang='lat' dir='ltr'>otu-1</span> 
     </span>
     <span class='ocr_line' id='line_1_38' title="bbox 201 4416 1486 4506; baseline 0.003 -24"><span class='ocrx_word' id='word_1_343' title='bbox 201 4441 274 4484; x_wconf 90' lang='lat' dir='ltr'>nem</span> <span class='ocrx_word' id='word_1_344' title='bbox 302 4429 422 4481; x_wconf 90' lang='lat' dir='ltr'>motum</span> <span class='ocrx_word' id='word_1_345' title='bbox 451 4441 471 4482; x_wconf 93' lang='lat' dir='ltr'>e</span> <span class='ocrx_word' id='word_1_346' title='bbox 497 4417 644 4502; x_wconf 86' lang='lat' dir='ltr'>potentiis</span> <span class='ocrx_word' id='word_1_347' title='bbox 673 4417 877 4480; x_wconf 85' lang='lat' dir='ltr'>renitentibus</span> <span class='ocrx_word' id='word_1_348' title='bbox 910 4416 1040 4480; x_wconf 86' lang='lat' dir='ltr'>emittet</span> <span class='ocrx_word' id='word_1_349' title='bbox 1106 4417 1159 4483; x_wconf 82' lang='lat' dir='ltr'>Ea</span> <span class='ocrx_word' id='word_1_350' title='bbox 1193 4441 1258 4504; x_wconf 94' lang='lat' dir='ltr'>quo</span> <span class='ocrx_word' id='word_1_351' title='bbox 1286 4422 1486 4506; x_wconf 75' lang='lat' dir='ltr'>perspicuum</span> 
     </span>
     <span class='ocr_line' id='line_1_39' title="bbox 201 4525 1485 4612; baseline 0.006 -20"><span class='ocrx_word' id='word_1_352' title='bbox 201 4539 258 4606; x_wconf 86' lang='lat' dir='ltr'>est,</span> <span class='ocrx_word' id='word_1_353' title='bbox 289 4526 422 4592; x_wconf 77' lang='lat' dir='ltr'>admissi</span> <span class='ocrx_word' id='word_1_354' title='bbox 451 4525 563 4591; x_wconf 75' lang='lat' dir='ltr'>inertie</span> <span class='ocrx_word' id='word_1_355' title='bbox 590 4549 691 4612; x_wconf 78' lang='lat' dir='ltr'>aqum,</span> <span class='ocrx_word' id='word_1_356' title='bbox 721 4549 741 4589; x_wconf 89' lang='lat' dir='ltr'>e</span> <span class='ocrx_word' id='word_1_357' title='bbox 769 4527 916 4610; x_wconf 86' lang='lat' dir='ltr'>potentiis</span> <span class='ocrx_word' id='word_1_358' title='bbox 945 4527 1180 4596; x_wconf 87' lang='lat' dir='ltr'>sollicitantibus</span> <span class='ocrx_word' id='word_1_359' title='bbox 1209 4543 1328 4598; x_wconf 80' lang='lat' dir='ltr'>mettun</span> <span class='ocrx_word' id='word_1_360' title='bbox 1356 4531 1485 4600; x_wconf 75' lang='lat' dir='ltr'>omnino</span> 
     </span>
    </p>
   </div>
   <div class='ocr_carea' id='block_1_7' title="bbox 202 4633 1595 4727">
    <p class='ocr_par' dir='ltr' id='par_1_9' title="bbox 202 4633 1595 4727">
     <span class='ocr_line' id='line_1_40' title="bbox 202 4633 1595 4727; baseline 0.007 -27"><span class='ocrx_word' id='word_1_361' title='bbox 202 4636 359 4702; x_wconf 83' lang='lat' dir='ltr'>diversum</span> <span class='ocrx_word' id='word_1_362' title='bbox 379 4648 452 4702; x_wconf 91' lang='lat' dir='ltr'>ectu</span> <span class='ocrx_word' id='word_1_363' title='bbox 472 4634 610 4720; x_wconf 86' lang='lat' dir='ltr'>imprimi</span> <span class='ocrx_word' id='word_1_364' title='bbox 630 4633 745 4700; x_wconf 85' lang='lat' dir='ltr'>debere</span> <span class='ocrx_word' id='word_1_365' title='bbox 766 4634 808 4700; x_wconf 89' lang='lat' dir='ltr'>ab</span> <span class='ocrx_word' id='word_1_366' title='bbox 828 4655 877 4714; x_wconf 83' lang='lat' dir='ltr'>eo,</span> <span class='ocrx_word' id='word_1_367' title='bbox 900 4655 993 4721; x_wconf 88' lang='lat' dir='ltr'>quem</span> <span class='ocrx_word' id='word_1_368' title='bbox 1011 4637 1173 4724; x_wconf 82' lang='lat' dir='ltr'>reciperet,</span> <span class='ocrx_word' id='word_1_369' title='bbox 1189 4639 1215 4704; x_wconf 89' lang='lat' dir='ltr'>si</span> <span class='ocrx_word' id='word_1_370' title='bbox 1236 4640 1346 4706; x_wconf 86' lang='lat' dir='ltr'>inertie</span> <span class='ocrx_word' id='word_1_371' title='bbox 1363 4643 1484 4727; x_wconf 79' lang='lat' dir='ltr'>private</span> <span class='ocrx_word' id='word_1_372' title='bbox 1588 4639 1595 4652; x_wconf 83' lang='lat'><em>&#39;</em></span> 
     </span>
    </p>
   </div>
   <div class='ocr_carea' id='block_1_8' title="bbox 0 0 1657 5517">
    <p class='ocr_par' dir='ltr' id='par_1_10' title="bbox 0 0 1657 5517">
     <span class='ocr_line' id='line_1_41' title="bbox 0 0 1657 5517; baseline 0 0"><span class='ocrx_word' id='word_1_373' title='bbox 0 0 1657 5517; x_wconf 95' lang='lat' dir='ltr'> </span> 
     </span>
    </p>
   </div>
  </div>
 </body>
</html>
