<?xml version="1.0" encoding="UTF-8"?>
<!DOCTYPE html PUBLIC "-//W3C//DTD XHTML 1.0 Transitional//EN"
    "http://www.w3.org/TR/xhtml1/DTD/xhtml1-transitional.dtd">
<html xmlns="http://www.w3.org/1999/xhtml" xml:lang="en" lang="en">
 <head>
  <title>
</title>
<meta http-equiv="Content-Type" content="text/html;charset=utf-8" />
  <meta name='ocr-system' content='tesseract 3.04.00' />
  <meta name='ocr-capabilities' content='ocr_page ocr_carea ocr_par ocr_line ocrx_word'/>
</head>
<body>
  <div class='ocr_page' id='page_1' title='image "./philosophinatur01wriggoog_0142.png"; bbox 0 0 3284 5517; ppageno 0'>
   <div class='ocr_carea' id='block_1_1' title="bbox 165 346 1455 431">
    <p class='ocr_par' dir='ltr' id='par_1_1' title="bbox 165 346 1455 431">
     <span class='ocr_line' id='line_1_1' title="bbox 165 346 1455 431; baseline -0.003 -12"><span class='ocrx_word' id='word_1_1' title='bbox 165 350 278 419; x_wconf 76' lang='lat' dir='ltr'><strong>Lmen</strong></span> <span class='ocrx_word' id='word_1_2' title='bbox 293 348 475 431; x_wconf 73' lang='lat' dir='ltr'><strong>Tannus]</strong></span> <span class='ocrx_word' id='word_1_3' title='bbox 519 346 764 415; x_wconf 86' lang='lat' dir='ltr'>PRINCIPIA</span> <span class='ocrx_word' id='word_1_4' title='bbox 787 346 1158 415; x_wconf 79' lang='lat' dir='ltr'><strong>MATHEMATICA.</strong></span> <span class='ocrx_word' id='word_1_5' title='bbox 1414 355 1455 415; x_wconf 86' lang='grc'><strong>97</strong></span> 
     </span>
    </p>
   </div>
   <div class='ocr_carea' id='block_1_2' title="bbox 159 517 1460 1915">
    <p class='ocr_par' dir='ltr' id='par_1_2' title="bbox 159 517 1460 1915">
     <span class='ocr_line' id='line_1_2' title="bbox 208 517 1455 609; baseline -0.005 -22"><span class='ocrx_word' id='word_1_6' title='bbox 208 524 310 587; x_wconf 88' lang='lat' dir='ltr'><strong>Porro</strong></span> <span class='ocrx_word' id='word_1_7' title='bbox 332 521 400 586; x_wconf 87' lang='lat' dir='ltr'><strong>lieri</strong></span> <span class='ocrx_word' id='word_1_8' title='bbox 422 532 527 606; x_wconf 85' lang='lat' dir='ltr'><strong>potest</strong></span> <span class='ocrx_word' id='word_1_9' title='bbox 542 532 577 586; x_wconf 90' lang='lat' dir='ltr'><strong>ut</strong></span> <span class='ocrx_word' id='word_1_10' title='bbox 600 532 695 585; x_wconf 76' lang='lat' dir='ltr'><strong>oestus</strong></span> <span class='ocrx_word' id='word_1_11' title='bbox 716 532 909 609; x_wconf 78' lang='lat' dir='ltr'>propagetur</span> <span class='ocrx_word' id='word_1_12' title='bbox 924 521 966 584; x_wconf 93' lang='lat' dir='ltr'><strong>ob</strong></span> <span class='ocrx_word' id='word_1_13' title='bbox 981 542 1098 585; x_wconf 87' lang='lat' dir='ltr'><strong>oceano</strong></span> <span class='ocrx_word' id='word_1_14' title='bbox 1113 542 1171 607; x_wconf 89' lang='lat' dir='ltr'><strong>per</strong></span> <span class='ocrx_word' id='word_1_15' title='bbox 1184 518 1264 583; x_wconf 83' lang='lat' dir='ltr'><strong>freta</strong></span> <span class='ocrx_word' id='word_1_16' title='bbox 1278 517 1400 584; x_wconf 85' lang='lat' dir='ltr'><strong>diversa</strong></span> <span class='ocrx_word' id='word_1_17' title='bbox 1414 518 1455 582; x_wconf 87' lang='lat' dir='ltr'><strong>ad</strong></span> 
     </span>
     <span class='ocr_line' id='line_1_3' title="bbox 164 628 1456 719; baseline -0.005 -21"><span class='ocrx_word' id='word_1_18' title='bbox 164 632 299 699; x_wconf 87' lang='lat' dir='ltr'><strong>eundern</strong></span> <span class='ocrx_word' id='word_1_19' title='bbox 314 644 450 717; x_wconf 90' lang='lat' dir='ltr'><strong>portum,</strong></span> <span class='ocrx_word' id='word_1_20' title='bbox 468 643 499 695; x_wconf 90' lang='lat' dir='ltr'><strong>et</strong></span> <span class='ocrx_word' id='word_1_21' title='bbox 514 630 605 695; x_wconf 87' lang='lat' dir='ltr'><strong>citius</strong></span> <span class='ocrx_word' id='word_1_22' title='bbox 619 641 758 695; x_wconf 82' lang='lat' dir='ltr'><strong>transeat</strong></span> <span class='ocrx_word' id='word_1_23' title='bbox 772 652 830 716; x_wconf 87' lang='lat' dir='ltr'><strong>per</strong></span> <span class='ocrx_word' id='word_1_24' title='bbox 845 632 947 719; x_wconf 88' lang='lat' dir='ltr'><strong>aliqua</strong></span> <span class='ocrx_word' id='word_1_25' title='bbox 961 630 1040 695; x_wconf 82' lang='lat' dir='ltr'><strong>freta</strong></span> <span class='ocrx_word' id='word_1_26' title='bbox 1054 628 1148 717; x_wconf 79' lang='lat' dir='ltr'><strong>quim</strong></span> <span class='ocrx_word' id='word_1_27' title='bbox 1163 652 1220 715; x_wconf 88' lang='lat' dir='ltr'><strong>per</strong></span> <span class='ocrx_word' id='word_1_28' title='bbox 1236 630 1315 697; x_wconf 85' lang='lat' dir='ltr'><strong>alia:</strong></span> <span class='ocrx_word' id='word_1_29' title='bbox 1345 651 1408 716; x_wconf 93' lang='lat' dir='ltr'><strong>quo</strong></span> <span class='ocrx_word' id='word_1_30' title='bbox 1423 628 1456 692; x_wconf 89' lang='lat' dir='ltr'><strong>in</strong></span> 
     </span>
     <span class='ocr_line' id='line_1_4' title="bbox 164 739 1458 826; baseline -0.005 -17"><span class='ocrx_word' id='word_1_31' title='bbox 164 766 238 809; x_wconf 84' lang='lat' dir='ltr'><strong>casu</strong></span> <span class='ocrx_word' id='word_1_32' title='bbox 253 754 347 807; x_wconf 85' lang='lat' dir='ltr'><strong>aestus</strong></span> <span class='ocrx_word' id='word_1_33' title='bbox 363 740 458 817; x_wconf 90' lang='lat' dir='ltr'><strong>idem,</strong></span> <span class='ocrx_word' id='word_1_34' title='bbox 482 741 515 805; x_wconf 92' lang='lat' dir='ltr'><strong>in</strong></span> <span class='ocrx_word' id='word_1_35' title='bbox 538 739 618 805; x_wconf 79' lang='lat' dir='ltr'><strong>duos</strong></span> <span class='ocrx_word' id='word_1_36' title='bbox 633 741 682 805; x_wconf 85' lang='lat' dir='ltr'><strong>vel</strong></span> <span class='ocrx_word' id='word_1_37' title='bbox 696 741 803 826; x_wconf 87' lang='lat' dir='ltr'><strong>plures</strong></span> <span class='ocrx_word' id='word_1_38' title='bbox 818 740 991 805; x_wconf 72' lang='lat' dir='ltr'><strong>successive</strong></span> <span class='ocrx_word' id='word_1_39' title='bbox 1005 741 1205 805; x_wconf 86' lang='lat' dir='ltr'><strong>advenientes</strong></span> <span class='ocrx_word' id='word_1_40' title='bbox 1220 740 1346 818; x_wconf 87' lang='lat' dir='ltr'><strong>divisus,</strong></span> <span class='ocrx_word' id='word_1_41' title='bbox 1371 762 1458 803; x_wconf 87' lang='lat' dir='ltr'><strong>com-</strong></span> 
     </span>
     <span class='ocr_line' id='line_1_5' title="bbox 163 849 1457 939; baseline -0.001 -25"><span class='ocrx_word' id='word_1_42' title='bbox 163 873 283 939; x_wconf 88' lang='lat' dir='ltr'><strong>ponere</strong></span> <span class='ocrx_word' id='word_1_43' title='bbox 306 850 407 936; x_wconf 88' lang='lat' dir='ltr'><strong>possit</strong></span> <span class='ocrx_word' id='word_1_44' title='bbox 431 860 535 912; x_wconf 89' lang='lat' dir='ltr'><strong>motus</strong></span> <span class='ocrx_word' id='word_1_45' title='bbox 555 871 653 912; x_wconf 81' lang='lat' dir='ltr'><strong>novos</strong></span> <span class='ocrx_word' id='word_1_46' title='bbox 665 849 859 914; x_wconf 87' lang='lat' dir='ltr'><strong>diversorum</strong></span> <span class='ocrx_word' id='word_1_47' title='bbox 874 872 1036 937; x_wconf 82' lang='lat' dir='ltr'><strong>generum.</strong></span> <span class='ocrx_word' id='word_1_48' title='bbox 1082 852 1253 939; x_wconf 79' lang='lat' dir='ltr'><strong>Fingamus</strong></span> <span class='ocrx_word' id='word_1_49' title='bbox 1269 862 1362 914; x_wconf 85' lang='lat' dir='ltr'><strong>testas</strong></span> <span class='ocrx_word' id='word_1_50' title='bbox 1377 850 1457 914; x_wconf 88' lang='lat' dir='ltr'><strong>duos</strong></span> 
     </span>
     <span class='ocr_line' id='line_1_6' title="bbox 164 955 1458 1046; baseline -0.002 -22"><span class='ocrx_word' id='word_1_51' title='bbox 164 958 300 1046; x_wconf 87' lang='lat' dir='ltr'><strong>aequales</strong></span> <span class='ocrx_word' id='word_1_52' title='bbox 317 980 336 1021; x_wconf 89' lang='lat' dir='ltr'><strong>a</strong></span> <span class='ocrx_word' id='word_1_53' title='bbox 350 956 479 1021; x_wconf 85' lang='lat' dir='ltr'><strong>diversis</strong></span> <span class='ocrx_word' id='word_1_54' title='bbox 494 956 571 1021; x_wconf 89' lang='lat' dir='ltr'><strong>locis</strong></span> <span class='ocrx_word' id='word_1_55' title='bbox 586 955 619 1020; x_wconf 90' lang='lat' dir='ltr'><strong>iu</strong></span> <span class='ocrx_word' id='word_1_56' title='bbox 631 955 766 1021; x_wconf 88' lang='lat' dir='ltr'><strong>eundem</strong></span> <span class='ocrx_word' id='word_1_57' title='bbox 780 969 908 1041; x_wconf 89' lang='lat' dir='ltr'><strong>portum</strong></span> <span class='ocrx_word' id='word_1_58' title='bbox 919 957 1036 1035; x_wconf 84' lang='lat' dir='ltr'><strong>venire,</strong></span> <span class='ocrx_word' id='word_1_59' title='bbox 1049 979 1183 1044; x_wconf 89' lang='lat' dir='ltr'><strong>quorum</strong></span> <span class='ocrx_word' id='word_1_60' title='bbox 1197 959 1284 1041; x_wconf 88' lang='lat' dir='ltr'><strong>prior</strong></span> <span class='ocrx_word' id='word_1_61' title='bbox 1299 956 1458 1041; x_wconf 70' lang='lat' dir='ltr'><strong>praecedat</strong></span> 
     </span>
     <span class='ocr_line' id='line_1_7' title="bbox 165 1065 1457 1154; baseline -0.004 -20"><span class='ocrx_word' id='word_1_62' title='bbox 165 1069 297 1134; x_wconf 84' lang='lat' dir='ltr'><strong>alterum</strong></span> <span class='ocrx_word' id='word_1_63' title='bbox 325 1069 426 1153; x_wconf 86' lang='lat' dir='ltr'><strong>spatio</strong></span> <span class='ocrx_word' id='word_1_64' title='bbox 451 1066 601 1131; x_wconf 91' lang='lat' dir='ltr'><strong>horarum</strong></span> <span class='ocrx_word' id='word_1_65' title='bbox 627 1088 692 1145; x_wconf 86' lang='lat' dir='ltr'><strong>sex,</strong></span> <span class='ocrx_word' id='word_1_66' title='bbox 719 1066 898 1154; x_wconf 90' lang='lat' dir='ltr'><strong>incidatque</strong></span> <span class='ocrx_word' id='word_1_67' title='bbox 922 1067 954 1129; x_wconf 93' lang='lat' dir='ltr'><strong>in</strong></span> <span class='ocrx_word' id='word_1_68' title='bbox 980 1066 1092 1130; x_wconf 90' lang='lat' dir='ltr'><strong>horam</strong></span> <span class='ocrx_word' id='word_1_69' title='bbox 1114 1068 1239 1131; x_wconf 77' lang='lat' dir='ltr'><strong>tertiam</strong></span> <span class='ocrx_word' id='word_1_70' title='bbox 1260 1066 1301 1137; x_wconf 89' lang='lat' dir='ltr'><strong>ab</strong></span> <span class='ocrx_word' id='word_1_71' title='bbox 1323 1065 1457 1151; x_wconf 88' lang='lat' dir='ltr'><strong>appulsu</strong></span> 
     </span>
     <span class='ocr_line' id='line_1_8' title="bbox 166 1166 1458 1262; baseline -0.003 -20"><span class='ocrx_word' id='word_1_72' title='bbox 166 1179 268 1243; x_wconf 84' lang='lat' dir='ltr'><strong>Lunae</strong></span> <span class='ocrx_word' id='word_1_73' title='bbox 283 1176 324 1242; x_wconf 84' lang='lat' dir='ltr'><strong>ed</strong></span> <span class='ocrx_word' id='word_1_74' title='bbox 340 1176 547 1241; x_wconf 90' lang='lat' dir='ltr'><strong>meridianum</strong></span> <span class='ocrx_word' id='word_1_75' title='bbox 561 1166 681 1262; x_wconf 85' lang='lat' dir='ltr'><strong>portus.</strong></span> <span class='ocrx_word' id='word_1_76' title='bbox 728 1176 762 1241; x_wconf 90' lang='lat' dir='ltr'><strong>si</strong></span> <span class='ocrx_word' id='word_1_77' title='bbox 785 1176 878 1240; x_wconf 93' lang='lat' dir='ltr'><strong>Luna</strong></span> <span class='ocrx_word' id='word_1_78' title='bbox 892 1175 924 1239; x_wconf 93' lang='lat' dir='ltr'><strong>in</strong></span> <span class='ocrx_word' id='word_1_79' title='bbox 939 1175 1037 1240; x_wconf 88' lang='lat' dir='ltr'><strong>hocce</strong></span> <span class='ocrx_word' id='word_1_80' title='bbox 1052 1199 1109 1240; x_wconf 90' lang='lat' dir='ltr'><strong>suo</strong></span> <span class='ocrx_word' id='word_1_81' title='bbox 1124 1177 1166 1241; x_wconf 88' lang='lat' dir='ltr'><strong>ad</strong></span> <span class='ocrx_word' id='word_1_82' title='bbox 1180 1176 1387 1241; x_wconf 89' lang='lat' dir='ltr'><strong>meridianum</strong></span> <span class='ocrx_word' id='word_1_83' title='bbox 1401 1197 1458 1259; x_wconf 90' lang='lat' dir='ltr'><strong>ap-</strong></span> 
     </span>
     <span class='ocr_line' id='line_1_9' title="bbox 163 1284 1456 1373; baseline -0.004 -21"><span class='ocrx_word' id='word_1_84' title='bbox 163 1289 257 1373; x_wconf 92' lang='lat' dir='ltr'><strong>pulsu</strong></span> <span class='ocrx_word' id='word_1_85' title='bbox 272 1287 455 1351; x_wconf 80' lang='lat' dir='ltr'><strong>versabatur</strong></span> <span class='ocrx_word' id='word_1_86' title='bbox 469 1286 501 1349; x_wconf 92' lang='lat' dir='ltr'><strong>in</strong></span> <span class='ocrx_word' id='word_1_87' title='bbox 513 1300 682 1373; x_wconf 86' lang='lat' dir='ltr'><strong>oequatore,</strong></span> <span class='ocrx_word' id='word_1_88' title='bbox 696 1286 820 1350; x_wconf 84' lang='lat' dir='ltr'><strong>venient</strong></span> <span class='ocrx_word' id='word_1_89' title='bbox 831 1286 961 1373; x_wconf 85' lang='lat' dir='ltr'><strong>singulis</strong></span> <span class='ocrx_word' id='word_1_90' title='bbox 972 1284 1059 1349; x_wconf 89' lang='lat' dir='ltr'><strong>horis</strong></span> <span class='ocrx_word' id='word_1_91' title='bbox 1070 1285 1153 1349; x_wconf 89' lang='lat' dir='ltr'><strong>senis</strong></span> <span class='ocrx_word' id='word_1_92' title='bbox 1166 1284 1301 1371; x_wconf 83' lang='lat' dir='ltr'><strong>aequales</strong></span> <span class='ocrx_word' id='word_1_93' title='bbox 1313 1284 1456 1361; x_wconf 87' lang='lat' dir='ltr'><strong>affluxus,</strong></span> 
     </span>
     <span class='ocr_line' id='line_1_10' title="bbox 165 1390 1459 1483; baseline -0.005 -23"><span class='ocrx_word' id='word_1_94' title='bbox 165 1398 220 1483; x_wconf 92' lang='lat' dir='ltr'><strong>qui</strong></span> <span class='ocrx_word' id='word_1_95' title='bbox 234 1396 266 1458; x_wconf 94' lang='lat' dir='ltr'><strong>in</strong></span> <span class='ocrx_word' id='word_1_96' title='bbox 282 1408 407 1458; x_wconf 88' lang='lat' dir='ltr'><strong>mutuos</strong></span> <span class='ocrx_word' id='word_1_97' title='bbox 423 1394 559 1458; x_wconf 88' lang='lat' dir='ltr'><strong>refluxus</strong></span> <span class='ocrx_word' id='word_1_98' title='bbox 574 1392 742 1457; x_wconf 89' lang='lat' dir='ltr'><strong>incidendo</strong></span> <span class='ocrx_word' id='word_1_99' title='bbox 756 1391 882 1455; x_wconf 85' lang='lat' dir='ltr'><strong>eusdem</strong></span> <span class='ocrx_word' id='word_1_100' title='bbox 897 1390 1063 1456; x_wconf 84' lang='lat' dir='ltr'><strong>affluxibus</strong></span> <span class='ocrx_word' id='word_1_101' title='bbox 1079 1391 1258 1478; x_wconf 75' lang='lat' dir='ltr'><strong>aequabunt,</strong></span> <span class='ocrx_word' id='word_1_102' title='bbox 1280 1391 1370 1454; x_wconf 88' lang='lat' dir='ltr'><strong>etsie</strong></span> <span class='ocrx_word' id='word_1_103' title='bbox 1387 1413 1459 1476; x_wconf 84' lang='lat' dir='ltr'><strong>spa·</strong></span> 
     </span>
     <span class='ocr_line' id='line_1_11' title="bbox 163 1500 1459 1589; baseline -0.003 -20"><span class='ocrx_word' id='word_1_104' title='bbox 163 1506 209 1569; x_wconf 84' lang='lat' dir='ltr'><strong>tio</strong></span> <span class='ocrx_word' id='word_1_105' title='bbox 229 1504 291 1568; x_wconf 92' lang='lat' dir='ltr'><strong>diei</strong></span> <span class='ocrx_word' id='word_1_106' title='bbox 310 1504 392 1567; x_wconf 91' lang='lat' dir='ltr'><strong>illius</strong></span> <span class='ocrx_word' id='word_1_107' title='bbox 408 1503 541 1567; x_wconf 86' lang='lat' dir='ltr'><strong>efficient</strong></span> <span class='ocrx_word' id='word_1_108' title='bbox 563 1516 598 1567; x_wconf 89' lang='lat' dir='ltr'><strong>ut</strong></span> <span class='ocrx_word' id='word_1_109' title='bbox 616 1524 698 1589; x_wconf 83' lang='lat' dir='ltr'><strong>aqua</strong></span> <span class='ocrx_word' id='word_1_110' title='bbox 712 1500 879 1586; x_wconf 73' lang='lat' dir='ltr'><strong>tranquille</strong></span> <span class='ocrx_word' id='word_1_111' title='bbox 894 1514 1026 1589; x_wconf 80' lang='lat' dir='ltr'><strong>stagnat.</strong></span> <span class='ocrx_word' id='word_1_112' title='bbox 1073 1502 1107 1567; x_wconf 90' lang='lat' dir='ltr'><strong>Si</strong></span> <span class='ocrx_word' id='word_1_113' title='bbox 1123 1500 1217 1565; x_wconf 86' lang='lat' dir='ltr'><strong>Luna</strong></span> <span class='ocrx_word' id='word_1_114' title='bbox 1230 1514 1306 1565; x_wconf 87' lang='lat' dir='ltr'><strong>tunc</strong></span> <span class='ocrx_word' id='word_1_115' title='bbox 1321 1501 1459 1565; x_wconf 88' lang='lat' dir='ltr'><strong>declina·</strong></span> 
     </span>
     <span class='ocr_line' id='line_1_12' title="bbox 163 1610 1456 1698; baseline -0.003 -21"><span class='ocrx_word' id='word_1_116' title='bbox 163 1614 219 1677; x_wconf 88' lang='lat' dir='ltr'><strong>bat</strong></span> <span class='ocrx_word' id='word_1_117' title='bbox 234 1612 273 1677; x_wconf 85' lang='lat' dir='ltr'><strong>ab</strong></span> <span class='ocrx_word' id='word_1_118' title='bbox 289 1610 550 1698; x_wconf 66' lang='lat' dir='ltr'><strong>oequatore„fient</strong></span> <span class='ocrx_word' id='word_1_119' title='bbox 564 1622 662 1673; x_wconf 76' lang='lat' dir='ltr'><strong>aestus·</strong></span> <span class='ocrx_word' id='word_1_120' title='bbox 673 1610 703 1673; x_wconf 88' lang='lat' dir='ltr'><strong>in</strong></span> <span class='ocrx_word' id='word_1_121' title='bbox 721 1632 840 1673; x_wconf 87' lang='lat' dir='ltr'><strong>oceano</strong></span> <span class='ocrx_word' id='word_1_122' title='bbox 850 1610 971 1674; x_wconf 86' lang='lat' dir='ltr'><strong>vicibus</strong></span> <span class='ocrx_word' id='word_1_123' title='bbox 982 1611 1110 1674; x_wconf 84' lang='lat' dir='ltr'><strong>alternis</strong></span> <span class='ocrx_word' id='word_1_124' title='bbox 1121 1612 1255 1696; x_wconf 91' lang='lat' dir='ltr'><strong>majores</strong></span> <span class='ocrx_word' id='word_1_125' title='bbox 1266 1624 1298 1674; x_wconf 88' lang='lat' dir='ltr'><strong>et</strong></span> <span class='ocrx_word' id='word_1_126' title='bbox 1309 1612 1456 1687; x_wconf 88' lang='lat' dir='ltr'><strong>minores,</strong></span> 
     </span>
     <span class='ocr_line' id='line_1_13' title="bbox 164 1718 1459 1822; baseline -0.002 -36"><span class='ocrx_word' id='word_1_127' title='bbox 164 1722 210 1786; x_wconf 91' lang='lat' dir='ltr'><strong>uti</strong></span> <span class='ocrx_word' id='word_1_128' title='bbox 233 1720 351 1785; x_wconf 82' lang='lat' dir='ltr'><strong>dictum</strong></span> <span class='ocrx_word' id='word_1_129' title='bbox 373 1732 437 1795; x_wconf 83' lang='lat' dir='ltr'><strong>est3</strong></span> <span class='ocrx_word' id='word_1_130' title='bbox 460 1731 492 1783; x_wconf 85' lang='lat' dir='ltr'><strong>et</strong></span> <span class='ocrx_word' id='word_1_131' title='bbox 512 1718 586 1782; x_wconf 93' lang='lat' dir='ltr'><strong>inde</strong></span> <span class='ocrx_word' id='word_1_132' title='bbox 600 1718 860 1804; x_wconf 85' lang='lat' dir='ltr'><strong>propagabuntur</strong></span> <span class='ocrx_word' id='word_1_133' title='bbox 874 1720 906 1783; x_wconf 90' lang='lat' dir='ltr'><strong>in</strong></span> <span class='ocrx_word' id='word_1_134' title='bbox 921 1718 1006 1785; x_wconf 93' lang='lat' dir='ltr'><strong>hunc</strong></span> <span class='ocrx_word' id='word_1_135' title='bbox 1020 1733 1147 1805; x_wconf 90' lang='lat' dir='ltr'><strong>portum</strong></span> <span class='ocrx_word' id='word_1_136' title='bbox 1163 1720 1297 1822; x_wconf 70' lang='lat' dir='ltr'><strong>affluxus</strong></span> <span class='ocrx_word' id='word_1_137' title='bbox 1312 1720 1378 1783; x_wconf 91' lang='lat' dir='ltr'><strong>bini</strong></span> <span class='ocrx_word' id='word_1_138' title='bbox 1392 1742 1459 1783; x_wconf 88' lang='lat' dir='ltr'><strong>ma-</strong></span> 
     </span>
     <span class='ocr_line' id='line_1_14' title="bbox 159 1821 1460 1915; baseline 0 -23"><span class='ocrx_word' id='word_1_139' title='bbox 159 1832 247 1915; x_wconf 87' lang='lat' dir='ltr'><strong>jores</strong></span> <span class='ocrx_word' id='word_1_140' title='bbox 262 1842 294 1892; x_wconf 88' lang='lat' dir='ltr'><strong>et</strong></span> <span class='ocrx_word' id='word_1_141' title='bbox 307 1828 374 1892; x_wconf 90' lang='lat' dir='ltr'><strong>bini</strong></span> <span class='ocrx_word' id='word_1_142' title='bbox 388 1828 536 1905; x_wconf 88' lang='lat' dir='ltr'><strong>minores,</strong></span> <span class='ocrx_word' id='word_1_143' title='bbox 553 1821 673 1891; x_wconf 88' lang='lat' dir='ltr'><strong>vicibus</strong></span> <span class='ocrx_word' id='word_1_144' title='bbox 688 1826 825 1890; x_wconf 87' lang='lat' dir='ltr'><strong>alternis.</strong></span> <span class='ocrx_word' id='word_1_145' title='bbox 860 1826 1007 1891; x_wconf 81' lang='lat' dir='ltr'><strong>Affluxus</strong></span> <span class='ocrx_word' id='word_1_146' title='bbox 1023 1841 1126 1892; x_wconf 86' lang='lat' dir='ltr'><strong>autem</strong></span> <span class='ocrx_word' id='word_1_147' title='bbox 1142 1830 1209 1892; x_wconf 90' lang='lat' dir='ltr'><strong>bini</strong></span> <span class='ocrx_word' id='word_1_148' title='bbox 1224 1831 1357 1913; x_wconf 88' lang='lat' dir='ltr'><strong>majores</strong></span> <span class='ocrx_word' id='word_1_149' title='bbox 1373 1852 1460 1893; x_wconf 88' lang='lat' dir='ltr'><strong>com·</strong></span> 
     </span>
    </p>
   </div>
   <div class='ocr_carea' id='block_1_3' title="bbox 165 1938 1461 2027">
    <p class='ocr_par' dir='ltr' id='par_1_3' title="bbox 165 1938 1461 2027">
     <span class='ocr_line' id='line_1_15' title="bbox 165 1938 1461 2027; baseline -0.002 -23"><span class='ocrx_word' id='word_1_150' title='bbox 165 1955 284 2027; x_wconf 90' lang='lat' dir='ltr'><strong>ponent</strong></span> <span class='ocrx_word' id='word_1_151' title='bbox 304 1962 417 2027; x_wconf 87' lang='lat' dir='ltr'><strong>aquam</strong></span> <span class='ocrx_word' id='word_1_152' title='bbox 438 1938 617 2003; x_wconf 84' lang='lat' dir='ltr'><strong>altissimam</strong></span> <span class='ocrx_word' id='word_1_153' title='bbox 633 1938 665 2001; x_wconf 93' lang='lat' dir='ltr'><strong>in</strong></span> <span class='ocrx_word' id='word_1_154' title='bbox 681 1938 784 2001; x_wconf 86' lang='lat' dir='ltr'><strong>medio</strong></span> <span class='ocrx_word' id='word_1_155' title='bbox 800 1939 881 2003; x_wconf 88' lang='lat' dir='ltr'><strong>inter</strong></span> <span class='ocrx_word' id='word_1_156' title='bbox 896 1952 1075 2025; x_wconf 84' lang='lat' dir='ltr'><strong>utrumque,</strong></span> <span class='ocrx_word' id='word_1_157' title='bbox 1092 1938 1226 2003; x_wconf 83' lang='lat' dir='ltr'><strong>affluxus</strong></span> <span class='ocrx_word' id='word_1_158' title='bbox 1241 1942 1340 2024; x_wconf 89' lang='lat' dir='ltr'><strong>major</strong></span> <span class='ocrx_word' id='word_1_159' title='bbox 1355 1951 1386 2002; x_wconf 91' lang='lat' dir='ltr'><strong>et</strong></span> <span class='ocrx_word' id='word_1_160' title='bbox 1400 1940 1461 2002; x_wconf 89' lang='lat' dir='ltr'><strong>mi-</strong></span> 
     </span>
    </p>
   </div>
   <div class='ocr_carea' id='block_1_4' title="bbox 165 2108 1514 4739">
    <p class='ocr_par' dir='ltr' id='par_1_4' title="bbox 165 2108 1514 4739">
     <span class='ocr_line' id='line_1_16' title="bbox 165 2108 1458 2173; baseline -0.003 -12"><span class='ocrx_word' id='word_1_161' title='bbox 165 2110 298 2173; x_wconf 84' lang='lat' dir='ltr'><strong>auperando</strong></span> <span class='ocrx_word' id='word_1_162' title='bbox 312 2108 465 2159; x_wconf 56' lang='lat' dir='ltr'><strong>mundam</strong></span> <span class='ocrx_word' id='word_1_163' title='bbox 482 2108 607 2159; x_wconf 81' lang='lat' dir='ltr'><strong>fluminum</strong></span> <span class='ocrx_word' id='word_1_164' title='bbox 623 2108 693 2159; x_wconf 86' lang='lat' dir='ltr'><strong>saciet</strong></span> <span class='ocrx_word' id='word_1_165' title='bbox 708 2124 794 2171; x_wconf 86' lang='lat' dir='ltr'><strong>aquam</strong></span> <span class='ocrx_word' id='word_1_166' title='bbox 827 2124 906 2157; x_wconf 71' lang='lat' dir='ltr'><strong>saun</strong></span> <span class='ocrx_word' id='word_1_167' title='bbox 923 2109 1056 2159; x_wconf 77' lang='lat' dir='ltr'><strong>altimdinia</strong></span> <span class='ocrx_word' id='word_1_168' title='bbox 1075 2109 1131 2159; x_wconf 78' lang='lat' dir='ltr'><strong>CA</strong></span> <span class='ocrx_word' id='word_1_169' title='bbox 1149 2124 1221 2171; x_wconf 82' lang='lat' dir='ltr'><strong>super</strong></span> <span class='ocrx_word' id='word_1_170' title='bbox 1233 2109 1384 2157; x_wconf 72' lang='lat' dir='ltr'><strong>altitudinem</strong></span> <span class='ocrx_word' id='word_1_171' title='bbox 1402 2110 1458 2157; x_wconf 76' lang='lat' dir='ltr'><strong>cu</strong></span> 
     </span>
     <span class='ocr_line' id='line_1_17' title="bbox 165 2170 1500 2237; baseline -0.001 -14"><span class='ocrx_word' id='word_1_172' title='bbox 165 2174 234 2223; x_wconf 86' lang='lat' dir='ltr'><strong>citius</strong></span> <span class='ocrx_word' id='word_1_173' title='bbox 248 2190 274 2222; x_wconf 84' lang='lat' dir='ltr'><strong>ac</strong></span> <span class='ocrx_word' id='word_1_174' title='bbox 291 2174 380 2221; x_wconf 91' lang='lat' dir='ltr'><strong>diutius</strong></span> <span class='ocrx_word' id='word_1_175' title='bbox 396 2172 501 2230; x_wconf 88' lang='lat' dir='ltr'><strong>influere,</strong></span> <span class='ocrx_word' id='word_1_176' title='bbox 518 2170 623 2236; x_wconf 76' lang='lat' dir='ltr'><strong>adedque</strong></span> <span class='ocrx_word' id='word_1_177' title='bbox 634 2175 725 2221; x_wconf 86' lang='lat' dir='ltr'><strong>minuet</strong></span> <span class='ocrx_word' id='word_1_178' title='bbox 735 2174 795 2220; x_wconf 83' lang='lat' dir='ltr'><strong>hane</strong></span> <span class='ocrx_word' id='word_1_179' title='bbox 827 2174 864 2221; x_wconf 84' lang='lat' dir='ltr'><strong>rel</strong></span> <span class='ocrx_word' id='word_1_180' title='bbox 877 2174 897 2221; x_wconf 87' lang='lat' dir='ltr'>C</span> <span class='ocrx_word' id='word_1_181' title='bbox 911 2172 932 2220; x_wconf 83' lang='lat' dir='ltr'><strong>F</strong></span> <span class='ocrx_word' id='word_1_182' title='bbox 946 2174 1077 2237; x_wconf 77' lang='lat' dir='ltr'><strong>designabit</strong></span> <span class='ocrx_word' id='word_1_183' title='bbox 1087 2174 1213 2221; x_wconf 85' lang='lat' dir='ltr'><strong>maximam</strong></span> <span class='ocrx_word' id='word_1_184' title='bbox 1225 2175 1378 2236; x_wconf 74' lang='lat' dir='ltr'><strong>quantitatem</strong></span> <span class='ocrx_word' id='word_1_185' title='bbox 1390 2174 1460 2221; x_wconf 71' lang='lat' dir='ltr'><strong>astris</strong></span> <span class='ocrx_word' id='word_1_186' title='bbox 1489 2172 1500 2188; x_wconf 88' lang='grc'><em>“</em></span> 
     </span>
     <span class='ocr_line' id='line_1_18' title="bbox 166 2236 1458 2301; baseline -0.002 -15"><span class='ocrx_word' id='word_1_187' title='bbox 166 2239 337 2287; x_wconf 70' lang='lat' dir='ltr'><strong>differentiam</strong></span> <span class='ocrx_word' id='word_1_188' title='bbox 356 2236 446 2285; x_wconf 59' lang='lat' dir='ltr'><strong>intare&amp;</strong></span> <span class='ocrx_word' id='word_1_189' title='bbox 460 2236 516 2285; x_wconf 79' lang='lat' dir='ltr'><strong>rard</strong></span> <span class='ocrx_word' id='word_1_190' title='bbox 532 2238 590 2285; x_wconf 86' lang='lat' dir='ltr'><strong>dum</strong></span> <span class='ocrx_word' id='word_1_191' title='bbox 609 2238 679 2285; x_wconf 73' lang='lat' dir='ltr'><strong>Lunna</strong></span> <span class='ocrx_word' id='word_1_192' title='bbox 689 2241 718 2285; x_wconf 92' lang='lat' dir='ltr'><strong>ad</strong></span> <span class='ocrx_word' id='word_1_193' title='bbox 728 2252 794 2301; x_wconf 77' lang='lat' dir='ltr'><strong>eyry-</strong></span> <span class='ocrx_word' id='word_1_194' title='bbox 826 2237 853 2284; x_wconf 80' lang='lat' dir='ltr'><strong>ln</strong></span> <span class='ocrx_word' id='word_1_195' title='bbox 868 2237 948 2285; x_wconf 83' lang='lat' dir='ltr'><strong>madio</strong></span> <span class='ocrx_word' id='word_1_196' title='bbox 961 2238 1033 2285; x_wconf 79' lang='lat' dir='ltr'><strong>naria</strong></span> <span class='ocrx_word' id='word_1_197' title='bbox 1050 2240 1073 2287; x_wconf 74' lang='lat' dir='ltr'>E</span> <span class='ocrx_word' id='word_1_198' title='bbox 1088 2240 1108 2287; x_wconf 79' lang='lat' dir='ltr'><strong>p</strong></span> <span class='ocrx_word' id='word_1_199' title='bbox 1123 2238 1240 2285; x_wconf 87' lang='lat' dir='ltr'><strong>littoribus</strong></span> <span class='ocrx_word' id='word_1_200' title='bbox 1258 2238 1288 2293; x_wconf 83' lang='lat' dir='ltr'><strong>E,</strong></span> <span class='ocrx_word' id='word_1_201' title='bbox 1303 2236 1458 2294; x_wconf 80' lang='lat' dir='ltr'><strong>Fterminati,</strong></span> 
     </span>
     <span class='ocr_line' id='line_1_19' title="bbox 165 2300 1458 2367; baseline 0.002 -18"><span class='ocrx_word' id='word_1_202' title='bbox 165 2305 217 2367; x_wconf 86' lang='lat' dir='ltr'><strong>gias</strong></span> <span class='ocrx_word' id='word_1_203' title='bbox 232 2312 347 2364; x_wconf 80' lang='lat' dir='ltr'><strong>properat,</strong></span> <span class='ocrx_word' id='word_1_204' title='bbox 365 2318 457 2349; x_wconf 85' lang='lat' dir='ltr'><strong>necessa</strong></span> <span class='ocrx_word' id='word_1_205' title='bbox 473 2312 508 2348; x_wconf 82' lang='lat' dir='ltr'><strong>eat</strong></span> <span class='ocrx_word' id='word_1_206' title='bbox 523 2312 549 2349; x_wconf 89' lang='lat' dir='ltr'><strong>ut</strong></span> <span class='ocrx_word' id='word_1_207' title='bbox 567 2301 664 2348; x_wconf 87' lang='lat' dir='ltr'><strong>flumina</strong></span> <span class='ocrx_word' id='word_1_208' title='bbox 674 2306 704 2348; x_wconf 90' lang='lat' dir='ltr'><strong>ob</strong></span> <span class='ocrx_word' id='word_1_209' title='bbox 715 2316 796 2349; x_wconf 76' lang='lat' dir='ltr'><strong>cursus</strong></span> <span class='ocrx_word' id='word_1_210' title='bbox 827 2310 852 2348; x_wconf 89' lang='lat' dir='ltr'><strong>et</strong></span> <span class='ocrx_word' id='word_1_211' title='bbox 861 2317 968 2351; x_wconf 69' lang='lat' dir='ltr'><strong>eatenus</strong></span> <span class='ocrx_word' id='word_1_212' title='bbox 978 2301 1108 2349; x_wconf 83' lang='lat' dir='ltr'><strong>altitudinis</strong></span> <span class='ocrx_word' id='word_1_213' title='bbox 1121 2304 1163 2350; x_wconf 82' lang='lat' dir='ltr'><strong>Ca</strong></span> <span class='ocrx_word' id='word_1_214' title='bbox 1173 2317 1244 2362; x_wconf 87' lang='lat' dir='ltr'><strong>super</strong></span> <span class='ocrx_word' id='word_1_215' title='bbox 1254 2300 1402 2349; x_wconf 79' lang='lat' dir='ltr'><strong>altitudinem</strong></span> <span class='ocrx_word' id='word_1_216' title='bbox 1413 2301 1458 2353; x_wconf 80' lang='lat' dir='ltr'><strong>Cf.</strong></span> 
     </span>
     <span class='ocr_line' id='line_1_20' title="bbox 166 2364 1461 2429; baseline 0.001 -15"><span class='ocrx_word' id='word_1_217' title='bbox 166 2382 222 2415; x_wconf 81' lang='lat' dir='ltr'><strong>suos</strong></span> <span class='ocrx_word' id='word_1_218' title='bbox 237 2382 279 2426; x_wconf 86' lang='lat' dir='ltr'><strong>per</strong></span> <span class='ocrx_word' id='word_1_219' title='bbox 294 2366 480 2428; x_wconf 77' lang='lat' dir='ltr'><strong>magnitudinem</strong></span> <span class='ocrx_word' id='word_1_220' title='bbox 497 2376 597 2413; x_wconf 62' lang='lat' dir='ltr'><strong>nuum</strong></span> <span class='ocrx_word' id='word_1_221' title='bbox 613 2366 736 2425; x_wconf 80' lang='lat' dir='ltr'><strong>impeditoa</strong></span> <span class='ocrx_word' id='word_1_222' title='bbox 746 2380 796 2413; x_wconf 85' lang='lat' dir='ltr'><strong>rua·</strong></span> <span class='ocrx_word' id='word_1_223' title='bbox 827 2375 928 2426; x_wconf 84' lang='lat' dir='ltr'><strong>aaponet</strong></span> <span class='ocrx_word' id='word_1_224' title='bbox 943 2366 1070 2413; x_wconf 78' lang='lat' dir='ltr'><strong>maximam</strong></span> <span class='ocrx_word' id='word_1_225' title='bbox 1086 2364 1241 2429; x_wconf 78' lang='lat' dir='ltr'><strong>quantitatem</strong></span> <span class='ocrx_word' id='word_1_226' title='bbox 1251 2364 1323 2413; x_wconf 62' lang='lat' dir='ltr'><strong>atila</strong></span> <span class='ocrx_word' id='word_1_227' title='bbox 1336 2366 1368 2412; x_wconf 94' lang='lat' dir='ltr'><strong>ad</strong></span> <span class='ocrx_word' id='word_1_228' title='bbox 1383 2366 1461 2415; x_wconf 85' lang='lat' dir='ltr'><strong>littora</strong></span> 
     </span>
     <span class='ocr_line' id='line_1_21' title="bbox 166 2428 1460 2509; baseline -0.001 -31"><span class='ocrx_word' id='word_1_229' title='bbox 166 2432 203 2509; x_wconf 71' lang='lat' dir='ltr'><strong>gia</strong></span> <span class='ocrx_word' id='word_1_230' title='bbox 214 2431 356 2491; x_wconf 79' lang='lat' dir='ltr'><strong>impleantur</strong></span> <span class='ocrx_word' id='word_1_231' title='bbox 366 2440 390 2477; x_wconf 87' lang='lat' dir='ltr'><strong>et</strong></span> <span class='ocrx_word' id='word_1_232' title='bbox 401 2428 521 2490; x_wconf 78' lang='lat' dir='ltr'><strong>proptered</strong></span> <span class='ocrx_word' id='word_1_233' title='bbox 531 2430 601 2477; x_wconf 86' lang='lat' dir='ltr'><strong>meria</strong></span> <span class='ocrx_word' id='word_1_234' title='bbox 611 2428 726 2476; x_wconf 85' lang='lat' dir='ltr'><strong>reliurum</strong></span> <span class='ocrx_word' id='word_1_235' title='bbox 738 2444 796 2489; x_wconf 90' lang='lat' dir='ltr'><strong>pau-</strong></span> <span class='ocrx_word' id='word_1_236' title='bbox 828 2429 934 2492; x_wconf 87' lang='lat' dir='ltr'><strong>ejusdem</strong></span> <span class='ocrx_word' id='word_1_237' title='bbox 949 2429 1027 2477; x_wconf 82' lang='lat' dir='ltr'><strong>matis.</strong></span> <span class='ocrx_word' id='word_1_238' title='bbox 1063 2432 1148 2495; x_wconf 87' lang='lat' dir='ltr'><strong>(Nam,</strong></span> <span class='ocrx_word' id='word_1_239' title='bbox 1160 2430 1290 2477; x_wconf 82' lang='lat' dir='ltr'><strong>differentia</strong></span> <span class='ocrx_word' id='word_1_240' title='bbox 1300 2430 1361 2477; x_wconf 87' lang='lat' dir='ltr'><strong>inter</strong></span> <span class='ocrx_word' id='word_1_241' title='bbox 1372 2429 1460 2477; x_wconf 84' lang='lat' dir='ltr'><strong>diama-</strong></span> 
     </span>
     <span class='ocr_line' id='line_1_22' title="bbox 167 2492 1460 2557; baseline -0.002 -15"><span class='ocrx_word' id='word_1_242' title='bbox 167 2494 191 2543; x_wconf 84' lang='lat' dir='ltr'><strong>lo</strong></span> <span class='ocrx_word' id='word_1_243' title='bbox 203 2496 277 2557; x_wconf 86' lang='lat' dir='ltr'><strong>magia</strong></span> <span class='ocrx_word' id='word_1_244' title='bbox 286 2494 416 2554; x_wconf 85' lang='lat' dir='ltr'><strong>impediant</strong></span> <span class='ocrx_word' id='word_1_245' title='bbox 426 2494 531 2553; x_wconf 73' lang='lat' dir='ltr'><strong>maximi</strong></span> <span class='ocrx_word' id='word_1_246' title='bbox 547 2504 598 2553; x_wconf 88' lang='lat' dir='ltr'><strong>post</strong></span> <span class='ocrx_word' id='word_1_247' title='bbox 608 2496 713 2555; x_wconf 79' lang='lat' dir='ltr'><strong>syzygias</strong></span> <span class='ocrx_word' id='word_1_248' title='bbox 723 2492 795 2557; x_wconf 79' lang='lat' dir='ltr'><strong>quim</strong></span> <span class='ocrx_word' id='word_1_249' title='bbox 827 2503 891 2540; x_wconf 91' lang='lat' dir='ltr'><strong>trum</strong></span> <span class='ocrx_word' id='word_1_250' title='bbox 906 2494 1047 2541; x_wconf 83' lang='lat' dir='ltr'><strong>biseeantern</strong></span> <span class='ocrx_word' id='word_1_251' title='bbox 1063 2494 1179 2557; x_wconf 86' lang='lat' dir='ltr'><strong>anguium</strong></span> <span class='ocrx_word' id='word_1_252' title='bbox 1194 2493 1277 2540; x_wconf 90' lang='lat' dir='ltr'><strong>datum</strong></span> <span class='ocrx_word' id='word_1_253' title='bbox 1288 2508 1358 2555; x_wconf 88' lang='lat' dir='ltr'><strong>quern</strong></span> <span class='ocrx_word' id='word_1_254' title='bbox 1369 2493 1460 2541; x_wconf 81' lang='lat' dir='ltr'><strong>faciunt</strong></span> 
     </span>
     <span class='ocr_line' id='line_1_23' title="bbox 167 2556 1460 2620; baseline -0.002 -13"><span class='ocrx_word' id='word_1_255' title='bbox 167 2559 272 2619; x_wconf 70' lang='lat' dir='ltr'><strong>proximi</strong></span> <span class='ocrx_word' id='word_1_256' title='bbox 282 2557 345 2606; x_wconf 82' lang='lat' dir='ltr'><strong>antd.</strong></span> <span class='ocrx_word' id='word_1_257' title='bbox 382 2556 421 2605; x_wconf 81' lang='lat' dir='ltr'><strong>Ed</strong></span> <span class='ocrx_word' id='word_1_258' title='bbox 431 2556 461 2605; x_wconf 91' lang='lat' dir='ltr'><strong>de</strong></span> <span class='ocrx_word' id='word_1_259' title='bbox 472 2558 543 2605; x_wconf 78' lang='lat' dir='ltr'><strong>eausa</strong></span> <span class='ocrx_word' id='word_1_260' title='bbox 553 2568 622 2605; x_wconf 76' lang='lat' dir='ltr'><strong>restris</strong></span> <span class='ocrx_word' id='word_1_261' title='bbox 632 2558 738 2605; x_wconf 86' lang='lat' dir='ltr'><strong>omnium</strong></span> <span class='ocrx_word' id='word_1_262' title='bbox 751 2570 796 2607; x_wconf 83' lang='lat' dir='ltr'><strong>tar.</strong></span> <span class='ocrx_word' id='word_1_263' title='bbox 828 2556 883 2604; x_wconf 84' lang='lat' dir='ltr'><strong>duaa</strong></span> <span class='ocrx_word' id='word_1_264' title='bbox 894 2558 999 2605; x_wconf 81' lang='lat' dir='ltr'><strong>diametri</strong></span> <span class='ocrx_word' id='word_1_265' title='bbox 1010 2558 1118 2620; x_wconf 83' lang='lat' dir='ltr'><strong>ellipseos</strong></span> <span class='ocrx_word' id='word_1_266' title='bbox 1128 2562 1151 2605; x_wconf 84' lang='lat' dir='ltr'><strong>at</strong></span> <span class='ocrx_word' id='word_1_267' title='bbox 1162 2556 1297 2605; x_wconf 85' lang='lat' dir='ltr'><strong>alterutram</strong></span> <span class='ocrx_word' id='word_1_268' title='bbox 1307 2572 1336 2604; x_wconf 83' lang='lat' dir='ltr'><strong>es</strong></span> <span class='ocrx_word' id='word_1_269' title='bbox 1354 2558 1401 2604; x_wconf 88' lang='lat' dir='ltr'><strong>illis</strong></span> <span class='ocrx_word' id='word_1_270' title='bbox 1411 2558 1460 2605; x_wconf 88' lang='lat' dir='ltr'><strong>dia·</strong></span> 
     </span>
     <span class='ocr_line' id='line_1_24' title="bbox 167 2620 1460 2685; baseline -0.002 -17"><span class='ocrx_word' id='word_1_271' title='bbox 167 2622 255 2669; x_wconf 85' lang='lat' dir='ltr'><strong>dissimi</strong></span> <span class='ocrx_word' id='word_1_272' title='bbox 267 2638 314 2669; x_wconf 91' lang='lat' dir='ltr'><strong>non</strong></span> <span class='ocrx_word' id='word_1_273' title='bbox 326 2622 430 2669; x_wconf 86' lang='lat' dir='ltr'><strong>incident</strong></span> <span class='ocrx_word' id='word_1_274' title='bbox 441 2622 465 2668; x_wconf 93' lang='lat' dir='ltr'><strong>in</strong></span> <span class='ocrx_word' id='word_1_275' title='bbox 476 2620 537 2681; x_wconf 79' lang='lat' dir='ltr'><strong>ipsas</strong></span> <span class='ocrx_word' id='word_1_276' title='bbox 548 2621 659 2685; x_wconf 78' lang='lat' dir='ltr'><strong>syzygias,</strong></span> <span class='ocrx_word' id='word_1_277' title='bbox 676 2622 715 2667; x_wconf 84' lang='lat' dir='ltr'><strong>aed</strong></span> <span class='ocrx_word' id='word_1_278' title='bbox 727 2622 797 2683; x_wconf 84' lang='lat' dir='ltr'><strong>pauld</strong></span> <span class='ocrx_word' id='word_1_279' title='bbox 828 2622 908 2668; x_wconf 85' lang='lat' dir='ltr'><strong>metris</strong></span> <span class='ocrx_word' id='word_1_280' title='bbox 924 2622 998 2683; x_wconf 88' lang='lat' dir='ltr'><strong>major</strong></span> <span class='ocrx_word' id='word_1_281' title='bbox 1013 2639 1062 2669; x_wconf 84' lang='lat' dir='ltr'><strong>esse</strong></span> <span class='ocrx_word' id='word_1_282' title='bbox 1074 2638 1122 2669; x_wconf 92' lang='lat' dir='ltr'><strong>non</strong></span> <span class='ocrx_word' id='word_1_283' title='bbox 1133 2631 1208 2683; x_wconf 84' lang='lat' dir='ltr'><strong>potest</strong></span> <span class='ocrx_word' id='word_1_284' title='bbox 1218 2636 1246 2668; x_wconf 86' lang='lat' dir='ltr'><strong>ex</strong></span> <span class='ocrx_word' id='word_1_285' title='bbox 1259 2620 1343 2668; x_wconf 77' lang='lat' dir='ltr'><strong>naturd</strong></span> <span class='ocrx_word' id='word_1_286' title='bbox 1354 2622 1460 2681; x_wconf 81' lang='lat' dir='ltr'><strong>ellipaeoa</strong></span> 
     </span>
     <span class='ocr_line' id='line_1_25' title="bbox 167 2684 1460 2749; baseline -0.002 -14"><span class='ocrx_word' id='word_1_287' title='bbox 167 2686 304 2749; x_wconf 72' lang='lat' dir='ltr'><strong>procedant</strong></span> <span class='ocrx_word' id='word_1_288' title='bbox 342 2686 400 2735; x_wconf 79' lang='lat' dir='ltr'><strong>Dixi</strong></span> <span class='ocrx_word' id='word_1_289' title='bbox 416 2699 486 2734; x_wconf 77' lang='lat' dir='ltr'><strong>matua</strong></span> <span class='ocrx_word' id='word_1_290' title='bbox 500 2686 570 2734; x_wconf 86' lang='lat' dir='ltr'><strong>etiarn</strong></span> <span class='ocrx_word' id='word_1_291' title='bbox 581 2684 635 2733; x_wconf 70' lang='lat' dir='ltr'><strong>anti</strong></span> <span class='ocrx_word' id='word_1_292' title='bbox 646 2686 750 2748; x_wconf 76' lang='lat' dir='ltr'><strong>syzygias</strong></span> <span class='ocrx_word' id='word_1_293' title='bbox 762 2702 798 2735; x_wconf 85' lang='lat' dir='ltr'><strong>re·</strong></span> <span class='ocrx_word' id='word_1_294' title='bbox 828 2684 929 2748; x_wconf 78' lang='lat' dir='ltr'><strong>qudmsi</strong></span> <span class='ocrx_word' id='word_1_295' title='bbox 948 2686 988 2732; x_wconf 91' lang='lat' dir='ltr'><strong>illa</strong></span> <span class='ocrx_word' id='word_1_296' title='bbox 998 2686 1111 2733; x_wconf 82' lang='lat' dir='ltr'><strong>diameter</strong></span> <span class='ocrx_word' id='word_1_297' title='bbox 1120 2688 1224 2734; x_wconf 81' lang='lat' dir='ltr'><strong>bisarans</strong></span> <span class='ocrx_word' id='word_1_298' title='bbox 1235 2686 1265 2733; x_wconf 87' lang='lat' dir='ltr'><strong>sit</strong></span> <span class='ocrx_word' id='word_1_299' title='bbox 1274 2686 1394 2733; x_wconf 84' lang='lat' dir='ltr'><strong>aemi-aria</strong></span> <span class='ocrx_word' id='word_1_300' title='bbox 1410 2701 1460 2733; x_wconf 87' lang='lat' dir='ltr'><strong>ma·</strong></span> 
     </span>
     <span class='ocr_line' id='line_1_26' title="bbox 167 2749 1461 2813; baseline 0 -16"><span class='ocrx_word' id='word_1_301' title='bbox 167 2750 252 2797; x_wconf 82' lang='lat' dir='ltr'><strong>tardari</strong></span> <span class='ocrx_word' id='word_1_302' title='bbox 266 2750 286 2796; x_wconf 85' lang='lat' dir='ltr'><strong>ri</strong></span> <span class='ocrx_word' id='word_1_303' title='bbox 300 2750 369 2798; x_wconf 86' lang='lat' dir='ltr'><strong>Solis·</strong></span> <span class='ocrx_word' id='word_1_304' title='bbox 402 2750 566 2813; x_wconf 77' lang='lat' dir='ltr'><strong>conjungatur</strong></span> <span class='ocrx_word' id='word_1_305' title='bbox 577 2766 647 2797; x_wconf 84' lang='lat' dir='ltr'><strong>causa</strong></span> <span class='ocrx_word' id='word_1_306' title='bbox 658 2760 761 2812; x_wconf 86' lang='lat' dir='ltr'><strong>utreque,</strong></span> <span class='ocrx_word' id='word_1_307' title='bbox 774 2762 797 2799; x_wconf 84' lang='lat' dir='ltr'><strong>et</strong></span> <span class='ocrx_word' id='word_1_308' title='bbox 824 2749 864 2813; x_wconf 82' lang='lat' dir='ltr'><strong>jor</strong></span> <span class='ocrx_word' id='word_1_309' title='bbox 879 2758 903 2797; x_wconf 83' lang='lat' dir='ltr'><strong>et</strong></span> <span class='ocrx_word' id='word_1_310' title='bbox 918 2749 1049 2798; x_wconf 77' lang='lat' dir='ltr'><strong>differentia</strong></span> <span class='ocrx_word' id='word_1_311' title='bbox 1059 2751 1120 2798; x_wconf 91' lang='lat' dir='ltr'><strong>inter</strong></span> <span class='ocrx_word' id='word_1_312' title='bbox 1131 2750 1182 2797; x_wconf 89' lang='lat' dir='ltr'><strong>illas</strong></span> <span class='ocrx_word' id='word_1_313' title='bbox 1192 2749 1251 2797; x_wconf 86' lang='lat' dir='ltr'><strong>duaa</strong></span> <span class='ocrx_word' id='word_1_314' title='bbox 1265 2750 1326 2809; x_wconf 82' lang='lat' dir='ltr'><strong>ipsas</strong></span> <span class='ocrx_word' id='word_1_315' title='bbox 1336 2750 1461 2797; x_wconf 81' lang='lat' dir='ltr'><strong>diametroa</strong></span> 
     </span>
     <span class='ocr_line' id='line_1_27' title="bbox 167 2812 1462 2879; baseline -0.001 -18"><span class='ocrx_word' id='word_1_316' title='bbox 167 2825 267 2861; x_wconf 69' lang='lat' dir='ltr'><strong>anuum</strong></span> <span class='ocrx_word' id='word_1_317' title='bbox 284 2814 408 2862; x_wconf 81' lang='lat' dir='ltr'><strong>retardatio</strong></span> <span class='ocrx_word' id='word_1_318' title='bbox 424 2826 447 2861; x_wconf 90' lang='lat' dir='ltr'><strong>et</strong></span> <span class='ocrx_word' id='word_1_319' title='bbox 462 2816 536 2879; x_wconf 87' lang='lat' dir='ltr'><strong>major</strong></span> <span class='ocrx_word' id='word_1_320' title='bbox 546 2812 589 2860; x_wconf 88' lang='lat' dir='ltr'><strong>erit</strong></span> <span class='ocrx_word' id='word_1_321' title='bbox 600 2824 623 2860; x_wconf 88' lang='lat' dir='ltr'><strong>et</strong></span> <span class='ocrx_word' id='word_1_322' title='bbox 634 2815 738 2877; x_wconf 74' lang='lat' dir='ltr'><strong>syzygias</strong></span> <span class='ocrx_word' id='word_1_323' title='bbox 749 2830 798 2863; x_wconf 87' lang='lat' dir='ltr'><strong>ma-</strong></span> <span class='ocrx_word' id='word_1_324' title='bbox 828 2830 859 2861; x_wconf 87' lang='lat' dir='ltr'><strong>au</strong></span> <span class='ocrx_word' id='word_1_325' title='bbox 894 2813 945 2861; x_wconf 88' lang='lat' dir='ltr'><strong>ium</strong></span> <span class='ocrx_word' id='word_1_326' title='bbox 960 2814 1041 2862; x_wconf 88' lang='lat' dir='ltr'><strong>datum</strong></span> <span class='ocrx_word' id='word_1_327' title='bbox 1057 2814 1225 2863; x_wconf 74' lang='lat' dir='ltr'><strong>constituentes</strong></span> <span class='ocrx_word' id='word_1_328' title='bbox 1236 2812 1310 2875; x_wconf 89' lang='lat' dir='ltr'><strong>major</strong></span> <span class='ocrx_word' id='word_1_329' title='bbox 1320 2830 1368 2861; x_wconf 82' lang='lat' dir='ltr'><strong>ease</strong></span> <span class='ocrx_word' id='word_1_330' title='bbox 1380 2813 1462 2877; x_wconf 89' lang='lat' dir='ltr'><strong>nequit</strong></span> 
     </span>
     <span class='ocr_line' id='line_1_28' title="bbox 167 2877 1460 2943; baseline 0.002 -20"><span class='ocrx_word' id='word_1_331' title='bbox 167 2880 204 2941; x_wconf 79' lang='lat' dir='ltr'><strong>gis</strong></span> <span class='ocrx_word' id='word_1_332' title='bbox 219 2878 339 2939; x_wconf 69' lang='lat' dir='ltr'><strong>precedet.</strong></span> <span class='ocrx_word' id='word_1_333' title='bbox 377 2880 440 2935; x_wconf 78' lang='lat' dir='ltr'><strong>Quae</strong></span> <span class='ocrx_word' id='word_1_334' title='bbox 451 2877 799 2943; x_wconf 79' lang='lat' dir='ltr'><strong>omniaitisebaberecolligo</strong></span> <span class='ocrx_word' id='word_1_335' title='bbox 828 2893 860 2940; x_wconf 88' lang='lat' dir='ltr'><strong>qu</strong></span> <span class='ocrx_word' id='word_1_336' title='bbox 911 2878 1179 2943; x_wconf 83' lang='lat' dir='ltr'><strong>sidiameteraugulum</strong></span> <span class='ocrx_word' id='word_1_337' title='bbox 1191 2877 1375 2927; x_wconf 82' lang='lat' dir='ltr'><strong>biseeansfaciat</strong></span> <span class='ocrx_word' id='word_1_338' title='bbox 1384 2895 1460 2938; x_wconf 81' lang='lat' dir='ltr'><strong>angu-</strong></span> 
     </span>
     <span class='ocr_line' id='line_1_29' title="bbox 168 2940 1462 3005; baseline 0.001 -17"><span class='ocrx_word' id='word_1_339' title='bbox 168 2958 197 2988; x_wconf 80' lang='lat' dir='ltr'><strong>es</strong></span> <span class='ocrx_word' id='word_1_340' title='bbox 214 2944 299 2990; x_wconf 86' lang='lat' dir='ltr'><strong>rabulis</strong></span> <span class='ocrx_word' id='word_1_341' title='bbox 315 2952 415 2989; x_wconf 72' lang='lat' dir='ltr'><strong>nauum</strong></span> <span class='ocrx_word' id='word_1_342' title='bbox 427 2960 484 3005; x_wconf 87' lang='lat' dir='ltr'><strong>quas</strong></span> <span class='ocrx_word' id='word_1_343' title='bbox 502 2940 670 2991; x_wconf 81' lang='lat' dir='ltr'><strong>Flamsteediua</strong></span> <span class='ocrx_word' id='word_1_344' title='bbox 681 2956 708 2988; x_wconf 83' lang='lat' dir='ltr'><strong>ex</strong></span> <span class='ocrx_word' id='word_1_345' title='bbox 720 2944 798 2991; x_wconf 75' lang='lat' dir='ltr'><strong>obaer-</strong></span> <span class='ocrx_word' id='word_1_346' title='bbox 828 2941 880 2989; x_wconf 90' lang='lat' dir='ltr'><strong>lum</strong></span> <span class='ocrx_word' id='word_1_347' title='bbox 891 2958 945 2989; x_wconf 84' lang='lat' dir='ltr'><strong>oum</strong></span> <span class='ocrx_word' id='word_1_348' title='bbox 957 2958 1000 2990; x_wconf 83' lang='lat' dir='ltr'><strong>aaa</strong></span> <span class='ocrx_word' id='word_1_349' title='bbox 1016 2941 1197 3005; x_wconf 76' lang='lat' dir='ltr'><strong>semi-restam.)</strong></span> <span class='ocrx_word' id='word_1_350' title='bbox 1233 2942 1304 2989; x_wconf 85' lang='lat' dir='ltr'><strong>Unde</strong></span> <span class='ocrx_word' id='word_1_351' title='bbox 1319 2954 1382 3003; x_wconf 85' lang='lat' dir='ltr'><strong>patet</strong></span> <span class='ocrx_word' id='word_1_352' title='bbox 1392 2953 1462 2990; x_wconf 79' lang='lat' dir='ltr'><strong>astus</strong></span> 
     </span>
     <span class='ocr_line' id='line_1_30' title="bbox 168 3004 1463 3069; baseline 0.002 -17"><span class='ocrx_word' id='word_1_353' title='bbox 168 3008 299 3053; x_wconf 79' lang='lat' dir='ltr'><strong>rationibus</strong></span> <span class='ocrx_word' id='word_1_354' title='bbox 309 3006 488 3069; x_wconf 85' lang='lat' dir='ltr'><strong>quamplurimis</strong></span> <span class='ocrx_word' id='word_1_355' title='bbox 503 3004 638 3053; x_wconf 82' lang='lat' dir='ltr'><strong>construxit.</strong></span> <span class='ocrx_word' id='word_1_356' title='bbox 831 3006 862 3053; x_wconf 92' lang='lat' dir='ltr'><strong>ad</strong></span> <span class='ocrx_word' id='word_1_357' title='bbox 882 3006 960 3057; x_wconf 82' lang='lat' dir='ltr'><strong>littora</strong></span> <span class='ocrx_word' id='word_1_358' title='bbox 976 3022 1026 3055; x_wconf 81' lang='lat' dir='ltr'><strong>ease</strong></span> <span class='ocrx_word' id='word_1_359' title='bbox 1047 3006 1217 3069; x_wconf 70' lang='lat' dir='ltr'><strong>propemodum</strong></span> <span class='ocrx_word' id='word_1_360' title='bbox 1234 3015 1262 3053; x_wconf 91' lang='lat' dir='ltr'><strong>ut</strong></span> <span class='ocrx_word' id='word_1_361' title='bbox 1277 3009 1349 3053; x_wconf 85' lang='lat' dir='ltr'><strong>maris</strong></span> <span class='ocrx_word' id='word_1_362' title='bbox 1363 3006 1463 3054; x_wconf 86' lang='lat' dir='ltr'><strong>latitudo</strong></span> 
     </span>
     <span class='ocr_line' id='line_1_31' title="bbox 204 3068 1514 3133; baseline 0 -15"><span class='ocrx_word' id='word_1_363' title='bbox 204 3076 256 3121; x_wconf 81' lang='lat'><strong>109.</strong></span> <span class='ocrx_word' id='word_1_364' title='bbox 277 3070 389 3118; x_wconf 82' lang='lat' dir='ltr'><strong>AEstuum</strong></span> <span class='ocrx_word' id='word_1_365' title='bbox 407 3070 545 3133; x_wconf 76' lang='lat' dir='ltr'><strong>magnitudo</strong></span> <span class='ocrx_word' id='word_1_366' title='bbox 564 3085 611 3116; x_wconf 90' lang='lat' dir='ltr'><strong>non</strong></span> <span class='ocrx_word' id='word_1_367' title='bbox 631 3084 714 3130; x_wconf 85' lang='lat' dir='ltr'><strong>parum</strong></span> <span class='ocrx_word' id='word_1_368' title='bbox 729 3071 799 3119; x_wconf 87' lang='lat' dir='ltr'><strong>etiam</strong></span> <span class='ocrx_word' id='word_1_369' title='bbox 832 3070 855 3117; x_wconf 85' lang='grc' dir='ltr'><strong>Ε</strong></span> <span class='ocrx_word' id='word_1_370' title='bbox 869 3068 897 3127; x_wconf 74' lang='lat'><strong>1³,</strong></span> <span class='ocrx_word' id='word_1_371' title='bbox 909 3086 963 3117; x_wconf 90' lang='lat' dir='ltr'><strong>arcu</strong></span> <span class='ocrx_word' id='word_1_372' title='bbox 974 3069 1120 3133; x_wconf 82' lang='lat' dir='ltr'><strong>quadrantali</strong></span> <span class='ocrx_word' id='word_1_373' title='bbox 1137 3085 1185 3117; x_wconf 88' lang='lat' dir='ltr'><strong>non</strong></span> <span class='ocrx_word' id='word_1_374' title='bbox 1199 3072 1280 3132; x_wconf 87' lang='lat' dir='ltr'><strong>major.</strong></span> <span class='ocrx_word' id='word_1_375' title='bbox 1318 3070 1384 3117; x_wconf 88' lang='lat' dir='ltr'><strong>Hinc</strong></span> <span class='ocrx_word' id='word_1_376' title='bbox 1396 3070 1422 3117; x_wconf 86' lang='lat' dir='ltr'><strong>lit</strong></span> <span class='ocrx_word' id='word_1_377' title='bbox 1434 3081 1463 3118; x_wconf 89' lang='lat' dir='ltr'><strong>ut</strong></span> <span class='ocrx_word' id='word_1_378' title='bbox 1509 3082 1514 3091; x_wconf 76' lang='lat'><strong><em>¹</em></strong></span> 
     </span>
     <span class='ocr_line' id='line_1_32' title="bbox 168 3132 1461 3201; baseline 0.001 -21"><span class='ocrx_word' id='word_1_379' title='bbox 168 3134 256 3197; x_wconf 87' lang='lat' dir='ltr'><strong>pendet</strong></span> <span class='ocrx_word' id='word_1_380' title='bbox 272 3150 287 3182; x_wconf 91' lang='lat' dir='ltr'><strong>a</strong></span> <span class='ocrx_word' id='word_1_381' title='bbox 302 3132 465 3201; x_wconf 69' lang='lat' dir='ltr'><strong>magnitudine</strong></span> <span class='ocrx_word' id='word_1_382' title='bbox 479 3135 586 3191; x_wconf 86' lang='lat' dir='ltr'><strong>marium,</strong></span> <span class='ocrx_word' id='word_1_383' title='bbox 598 3134 661 3180; x_wconf 91' lang='lat' dir='ltr'><strong>utin</strong></span> <span class='ocrx_word' id='word_1_384' title='bbox 675 3134 799 3195; x_wconf 83' lang='lat' dir='ltr'><strong>Opuaculo</strong></span> <span class='ocrx_word' id='word_1_385' title='bbox 832 3134 914 3184; x_wconf 82' lang='lat' dir='ltr'><strong>nullus</strong></span> <span class='ocrx_word' id='word_1_386' title='bbox 940 3144 982 3181; x_wconf 89' lang='lat' dir='ltr'><strong>aut</strong></span> <span class='ocrx_word' id='word_1_387' title='bbox 1006 3134 1056 3183; x_wconf 72' lang='lat' dir='ltr'><strong>tere</strong></span> <span class='ocrx_word' id='word_1_388' title='bbox 1082 3134 1164 3182; x_wconf 85' lang='lat' dir='ltr'><strong>nullus</strong></span> <span class='ocrx_word' id='word_1_389' title='bbox 1187 3136 1322 3181; x_wconf 82' lang='lat' dir='ltr'><strong>observetur</strong></span> <span class='ocrx_word' id='word_1_390' title='bbox 1347 3150 1461 3196; x_wconf 90' lang='lat' dir='ltr'><strong>aquarum</strong></span> 
     </span>
     <span class='ocr_line' id='line_1_33' title="bbox 169 3196 1462 3259; baseline 0 -14"><span class='ocrx_word' id='word_1_391' title='bbox 169 3198 240 3247; x_wconf 85' lang='lat' dir='ltr'><strong>citato</strong></span> <span class='ocrx_word' id='word_1_392' title='bbox 258 3202 363 3246; x_wconf 80' lang='lat' dir='ltr'><strong>observat</strong></span> <span class='ocrx_word' id='word_1_393' title='bbox 381 3198 466 3245; x_wconf 82' lang='lat' dir='ltr'><strong>clariss.</strong></span> <span class='ocrx_word' id='word_1_394' title='bbox 488 3208 562 3246; x_wconf 84' lang='lat' dir='ltr'><strong>autor.</strong></span> <span class='ocrx_word' id='word_1_395' title='bbox 599 3196 634 3245; x_wconf 82' lang='lat' dir='ltr'><strong>sit</strong></span> <span class='ocrx_word' id='word_1_396' title='bbox 655 3196 800 3247; x_wconf 65' lang='lat' dir='ltr'><strong>cicentrum</strong></span> <span class='ocrx_word' id='word_1_397' title='bbox 831 3208 909 3247; x_wconf 86' lang='lat' dir='ltr'><strong>motas</strong></span> <span class='ocrx_word' id='word_1_398' title='bbox 924 3199 949 3245; x_wconf 89' lang='lat' dir='ltr'><strong>in</strong></span> <span class='ocrx_word' id='word_1_399' title='bbox 965 3199 1068 3246; x_wconf 86' lang='lat' dir='ltr'><strong>maribus</strong></span> <span class='ocrx_word' id='word_1_400' title='bbox 1079 3199 1191 3247; x_wconf 84' lang='lat' dir='ltr'><strong>nonsatis</strong></span> <span class='ocrx_word' id='word_1_401' title='bbox 1203 3197 1250 3247; x_wconf 69' lang='lat' dir='ltr'><strong>ute</strong></span> <span class='ocrx_word' id='word_1_402' title='bbox 1261 3200 1400 3259; x_wconf 87' lang='lat' dir='ltr'><strong>patentibus,</strong></span> <span class='ocrx_word' id='word_1_403' title='bbox 1417 3198 1462 3245; x_wconf 90' lang='lat' dir='ltr'><strong>niai</strong></span> 
     </span>
     <span class='ocr_line' id='line_1_34' title="bbox 171 3260 1462 3327; baseline -0.001 -18"><span class='ocrx_word' id='word_1_404' title='bbox 171 3262 258 3319; x_wconf 70' lang='lat' dir='ltr'><strong>Terre,</strong></span> <span class='ocrx_word' id='word_1_405' title='bbox 281 3262 304 3309; x_wconf 85' lang='lat' dir='ltr'><strong>E</strong></span> <span class='ocrx_word' id='word_1_406' title='bbox 319 3266 341 3310; x_wconf 86' lang='grc' dir='ltr'>Α</span> <span class='ocrx_word' id='word_1_407' title='bbox 357 3262 381 3309; x_wconf 86' lang='lat' dir='ltr'>D</span> <span class='ocrx_word' id='word_1_408' title='bbox 395 3263 415 3310; x_wconf 86' lang='lat'><strong>13</strong></span> <span class='ocrx_word' id='word_1_409' title='bbox 433 3264 535 3327; x_wconf 83' lang='lat' dir='ltr'><strong>oblonga</strong></span> <span class='ocrx_word' id='word_1_410' title='bbox 550 3260 621 3309; x_wconf 86' lang='lat' dir='ltr'><strong>maris</strong></span> <span class='ocrx_word' id='word_1_411' title='bbox 638 3260 720 3325; x_wconf 83' lang='lat' dir='ltr'><strong>figura,</strong></span> <span class='ocrx_word' id='word_1_412' title='bbox 741 3264 760 3311; x_wconf 88' lang='lat' dir='ltr'><em>C</em></span> <span class='ocrx_word' id='word_1_413' title='bbox 779 3264 801 3311; x_wconf 82' lang='grc' dir='ltr'><strong>Δ</strong></span> <span class='ocrx_word' id='word_1_414' title='bbox 829 3277 885 3310; x_wconf 84' lang='lat' dir='ltr'><strong>eum</strong></span> <span class='ocrx_word' id='word_1_415' title='bbox 895 3277 981 3309; x_wconf 73' lang='lat' dir='ltr'><strong>oaeaao</strong></span> <span class='ocrx_word' id='word_1_416' title='bbox 993 3262 1043 3322; x_wconf 81' lang='lat' dir='ltr'><strong>ipso</strong></span> <span class='ocrx_word' id='word_1_417' title='bbox 1053 3261 1125 3313; x_wconf 81' lang='lat' dir='ltr'><strong>liberd</strong></span> <span class='ocrx_word' id='word_1_418' title='bbox 1136 3263 1318 3311; x_wconf 78' lang='lat' dir='ltr'><strong>communicent.</strong></span> <span class='ocrx_word' id='word_1_419' title='bbox 1357 3262 1382 3309; x_wconf 83' lang='lat' dir='ltr'><strong>si</strong></span> <span class='ocrx_word' id='word_1_420' title='bbox 1399 3262 1462 3309; x_wconf 87' lang='lat' dir='ltr'><strong>enim</strong></span> 
     </span>
     <span class='ocr_line' id='line_1_35' title="bbox 169 3325 1464 3391; baseline 0 -18"><span class='ocrx_word' id='word_1_421' title='bbox 169 3326 291 3374; x_wconf 81' lang='lat' dir='ltr'><strong>semi-sais</strong></span> <span class='ocrx_word' id='word_1_422' title='bbox 301 3327 383 3391; x_wconf 79' lang='lat' dir='ltr'><strong>major,</strong></span> <span class='ocrx_word' id='word_1_423' title='bbox 397 3327 418 3375; x_wconf 86' lang='lat' dir='ltr'><strong>G</strong></span> <span class='ocrx_word' id='word_1_424' title='bbox 434 3326 587 3375; x_wconf 77' lang='lat' dir='ltr'><strong>Bromi-axia</strong></span> <span class='ocrx_word' id='word_1_425' title='bbox 597 3326 674 3373; x_wconf 88' lang='lat' dir='ltr'><strong>minor</strong></span> <span class='ocrx_word' id='word_1_426' title='bbox 683 3326 755 3388; x_wconf 82' lang='lat' dir='ltr'><strong>priori</strong></span> <span class='ocrx_word' id='word_1_427' title='bbox 766 3326 802 3375; x_wconf 89' lang='lat' dir='ltr'><strong>in-</strong></span> <span class='ocrx_word' id='word_1_428' title='bbox 830 3326 891 3373; x_wconf 88' lang='lat' dir='ltr'><strong>nibil</strong></span> <span class='ocrx_word' id='word_1_429' title='bbox 905 3337 948 3375; x_wconf 91' lang='lat' dir='ltr'><strong>aut</strong></span> <span class='ocrx_word' id='word_1_430' title='bbox 962 3340 1046 3387; x_wconf 83' lang='lat' dir='ltr'><strong>parum</strong></span> <span class='ocrx_word' id='word_1_431' title='bbox 1063 3342 1119 3375; x_wconf 88' lang='lat' dir='ltr'><strong>cum</strong></span> <span class='ocrx_word' id='word_1_432' title='bbox 1134 3342 1222 3375; x_wconf 85' lang='lat' dir='ltr'><strong>ooeano</strong></span> <span class='ocrx_word' id='word_1_433' title='bbox 1238 3325 1418 3383; x_wconf 84' lang='lat' dir='ltr'><strong>communicent,</strong></span> <span class='ocrx_word' id='word_1_434' title='bbox 1435 3335 1464 3373; x_wconf 88' lang='lat' dir='ltr'><strong>ut</strong></span> 
     </span>
     <span class='ocr_line' id='line_1_36' title="bbox 831 3388 1462 3453; baseline 0 -16"><span class='ocrx_word' id='word_1_435' title='bbox 831 3389 916 3437; x_wconf 83' lang='lat' dir='ltr'><strong>accidit</strong></span> <span class='ocrx_word' id='word_1_436' title='bbox 927 3390 951 3437; x_wconf 93' lang='lat' dir='ltr'><strong>in</strong></span> <span class='ocrx_word' id='word_1_437' title='bbox 962 3391 1021 3437; x_wconf 85' lang='lat' dir='ltr'><strong>mari</strong></span> <span class='ocrx_word' id='word_1_438' title='bbox 1034 3390 1215 3449; x_wconf 82' lang='lat' dir='ltr'><strong>Mediterranea,</strong></span> <span class='ocrx_word' id='word_1_439' title='bbox 1228 3401 1299 3437; x_wconf 74' lang='lat' dir='ltr'><strong>astus</strong></span> <span class='ocrx_word' id='word_1_440' title='bbox 1308 3388 1402 3453; x_wconf 80' lang='lat' dir='ltr'><strong>quoqud</strong></span> <span class='ocrx_word' id='word_1_441' title='bbox 1410 3405 1462 3437; x_wconf 80' lang='lat' dir='ltr'><strong>eam</strong></span> 
     </span>
     <span class='ocr_line' id='line_1_37' title="bbox 830 3454 1464 3531; baseline 0 -30"><span class='ocrx_word' id='word_1_442' title='bbox 830 3456 864 3529; x_wconf 63' lang='lat'><strong>⁰¹!</strong></span> <span class='ocrx_word' id='word_1_443' title='bbox 882 3468 978 3503; x_wconf 84' lang='lat' dir='ltr'><strong>eausam</strong></span> <span class='ocrx_word' id='word_1_444' title='bbox 999 3454 1076 3501; x_wconf 86' lang='lat' dir='ltr'><strong>minor</strong></span> <span class='ocrx_word' id='word_1_445' title='bbox 1097 3454 1286 3515; x_wconf 83' lang='lat' dir='ltr'><strong>deprehenditur.</strong></span> <span class='ocrx_word' id='word_1_446' title='bbox 1334 3454 1410 3531; x_wconf 45' lang='lat' dir='ltr'><strong>Hinc·</strong></span> <span class='ocrx_word' id='word_1_447' title='bbox 1429 3462 1464 3501; x_wconf 83' lang='lat' dir='ltr'><strong>eat</strong></span> 
     </span>
     <span class='ocr_line' id='line_1_38' title="bbox 368 3517 1511 3645; baseline -0.001 -15"><span class='ocrx_word' id='word_1_448' title='bbox 368 3590 404 3639; x_wconf 77' lang='lat'>„</span> <span class='ocrx_word' id='word_1_449' title='bbox 432 3569 453 3614; x_wconf 57' lang='lat' dir='ltr'>f</span> <span class='ocrx_word' id='word_1_450' title='bbox 473 3555 503 3598; x_wconf 68' lang='lat' dir='ltr'><strong>n</strong></span> <span class='ocrx_word' id='word_1_451' title='bbox 832 3517 1465 3645; x_wconf 54' lang='lat' dir='ltr'><strong>murmuraremus</strong></span> <span class='ocrx_word' id='word_1_452' title='bbox 1507 3571 1511 3577; x_wconf 87' lang='lat'>·</span> 
     </span>
     <span class='ocr_line' id='line_1_39' title="bbox 832 3645 1464 3711; baseline 0 -19"><span class='ocrx_word' id='word_1_453' title='bbox 832 3646 908 3693; x_wconf 90' lang='lat' dir='ltr'><strong>multo</strong></span> <span class='ocrx_word' id='word_1_454' title='bbox 918 3646 1020 3693; x_wconf 81' lang='lat' dir='ltr'><strong>minores</strong></span> <span class='ocrx_word' id='word_1_455' title='bbox 1030 3647 1101 3711; x_wconf 74' lang='lat' dir='ltr'><strong>quim</strong></span> <span class='ocrx_word' id='word_1_456' title='bbox 1111 3648 1167 3694; x_wconf 84' lang='lat' dir='ltr'><strong>binc</strong></span> <span class='ocrx_word' id='word_1_457' title='bbox 1177 3645 1233 3693; x_wconf 84' lang='lat' dir='ltr'><strong>indo</strong></span> <span class='ocrx_word' id='word_1_458' title='bbox 1243 3646 1269 3691; x_wconf 91' lang='lat' dir='ltr'><strong>in</strong></span> <span class='ocrx_word' id='word_1_459' title='bbox 1277 3647 1342 3693; x_wconf 85' lang='lat' dir='ltr'><strong>aunis</strong></span> <span class='ocrx_word' id='word_1_460' title='bbox 1350 3656 1464 3705; x_wconf 87' lang='lat' dir='ltr'><strong>tempera-</strong></span> 
     </span>
     <span class='ocr_line' id='line_1_40' title="bbox 832 3709 1464 3772; baseline -0.002 -16"><span class='ocrx_word' id='word_1_461' title='bbox 832 3709 863 3756; x_wconf 85' lang='lat' dir='ltr'><strong>tia</strong></span> <span class='ocrx_word' id='word_1_462' title='bbox 874 3710 915 3757; x_wconf 88' lang='lat' dir='ltr'><strong>ubi</strong></span> <span class='ocrx_word' id='word_1_463' title='bbox 926 3710 999 3757; x_wconf 90' lang='lat' dir='ltr'><strong>maria</strong></span> <span class='ocrx_word' id='word_1_464' title='bbox 1010 3709 1056 3758; x_wconf 79' lang='lat' dir='ltr'><strong>iatd</strong></span> <span class='ocrx_word' id='word_1_465' title='bbox 1068 3721 1154 3772; x_wconf 84' lang='lat' dir='ltr'><strong>patent,</strong></span> <span class='ocrx_word' id='word_1_466' title='bbox 1166 3720 1191 3757; x_wconf 85' lang='lat' dir='ltr'><strong>et</strong></span> <span class='ocrx_word' id='word_1_467' title='bbox 1200 3710 1225 3757; x_wconf 89' lang='lat' dir='ltr'><strong>iu</strong></span> <span class='ocrx_word' id='word_1_468' title='bbox 1237 3711 1307 3757; x_wconf 82' lang='lat' dir='ltr'><strong>maria</strong></span> <span class='ocrx_word' id='word_1_469' title='bbox 1320 3710 1415 3757; x_wconf 86' lang='lat' dir='ltr'><strong>Pacifici</strong></span> <span class='ocrx_word' id='word_1_470' title='bbox 1425 3709 1464 3756; x_wconf 91' lang='lat' dir='ltr'><strong>lit-</strong></span> 
     </span>
     <span class='ocr_line' id='line_1_41' title="bbox 834 3771 1465 3837; baseline -0.003 -16"><span class='ocrx_word' id='word_1_471' title='bbox 834 3774 925 3821; x_wconf 84' lang='lat' dir='ltr'><strong>toribus</strong></span> <span class='ocrx_word' id='word_1_472' title='bbox 935 3774 985 3821; x_wconf 89' lang='lat' dir='ltr'><strong>l&#39;era</strong></span> <span class='ocrx_word' id='word_1_473' title='bbox 995 3774 1095 3837; x_wconf 77' lang='lat' dir='ltr'><strong>u‘ngulis</strong></span> <span class='ocrx_word' id='word_1_474' title='bbox 1104 3785 1153 3823; x_wconf 81' lang='lat' dir='ltr'><strong>tam</strong></span> <span class='ocrx_word' id='word_1_475' title='bbox 1162 3774 1309 3821; x_wconf 82' lang='lat' dir='ltr'><strong>Americauis</strong></span> <span class='ocrx_word' id='word_1_476' title='bbox 1318 3774 1389 3836; x_wconf 81' lang='lat' dir='ltr'><strong>quim</strong></span> <span class='ocrx_word' id='word_1_477' title='bbox 1403 3771 1465 3821; x_wconf 84' lang='lat' dir='ltr'><strong>Sini-</strong></span> 
     </span>
     <span class='ocr_line' id='line_1_42' title="bbox 832 3836 1465 3901; baseline -0.002 -17"><span class='ocrx_word' id='word_1_478' title='bbox 832 3837 866 3884; x_wconf 84' lang='lat' dir='ltr'><strong>tis</strong></span> <span class='ocrx_word' id='word_1_479' title='bbox 876 3848 901 3885; x_wconf 90' lang='lat' dir='ltr'><strong>et</strong></span> <span class='ocrx_word' id='word_1_480' title='bbox 910 3836 973 3886; x_wconf 73' lang='lat' dir='ltr'><strong>iatri</strong></span> <span class='ocrx_word' id='word_1_481' title='bbox 980 3842 1079 3899; x_wconf 87' lang='lat' dir='ltr'><strong>tropicoa</strong></span> <span class='ocrx_word' id='word_1_482' title='bbox 1090 3849 1114 3887; x_wconf 89' lang='lat' dir='ltr'><strong>et</strong></span> <span class='ocrx_word' id='word_1_483' title='bbox 1123 3836 1195 3887; x_wconf 72' lang='lat' dir='ltr'><strong>extri.</strong></span> <span class='ocrx_word' id='word_1_484' title='bbox 1233 3838 1376 3901; x_wconf 84' lang='lat' dir='ltr'><strong>Contingera</strong></span> <span class='ocrx_word' id='word_1_485' title='bbox 1386 3847 1465 3885; x_wconf 88' lang='lat' dir='ltr'><strong>tamen</strong></span> 
     </span>
     <span class='ocr_line' id='line_1_43' title="bbox 835 3900 1466 3965; baseline -0.006 -15"><span class='ocrx_word' id='word_1_486' title='bbox 835 3911 911 3961; x_wconf 82' lang='lat' dir='ltr'><strong>potest</strong></span> <span class='ocrx_word' id='word_1_487' title='bbox 929 3912 956 3950; x_wconf 91' lang='lat' dir='ltr'><strong>ut</strong></span> <span class='ocrx_word' id='word_1_488' title='bbox 971 3914 1041 3949; x_wconf 81' lang='lat' dir='ltr'><strong>astus</strong></span> <span class='ocrx_word' id='word_1_489' title='bbox 1051 3903 1092 3965; x_wconf 88' lang='lat' dir='ltr'><strong>qui</strong></span> <span class='ocrx_word' id='word_1_490' title='bbox 1109 3904 1134 3949; x_wconf 90' lang='lat' dir='ltr'><strong>in</strong></span> <span class='ocrx_word' id='word_1_491' title='bbox 1144 3917 1231 3949; x_wconf 73' lang='lat' dir='ltr'><strong>ocmno</strong></span> <span class='ocrx_word' id='word_1_492' title='bbox 1240 3900 1364 3948; x_wconf 70' lang='lat' dir='ltr'><strong>meditaris</strong></span> <span class='ocrx_word' id='word_1_493' title='bbox 1380 3913 1422 3959; x_wconf 85' lang='lat' dir='ltr'><strong>est,</strong></span> <span class='ocrx_word' id='word_1_494' title='bbox 1439 3900 1466 3947; x_wconf 88' lang='lat' dir='ltr'><strong>in</strong></span> 
     </span>
     <span class='ocr_line' id='line_1_44' title="bbox 832 3962 1466 4029; baseline 0.002 -17"><span class='ocrx_word' id='word_1_495' title='bbox 832 3962 910 4013; x_wconf 81' lang='lat' dir='ltr'><strong>fluviis</strong></span> <span class='ocrx_word' id='word_1_496' title='bbox 925 3966 1007 4014; x_wconf 84' lang='lat' dir='ltr'><strong>eradat</strong></span> <span class='ocrx_word' id='word_1_497' title='bbox 1022 3966 1140 4014; x_wconf 74' lang='lat' dir='ltr'><strong>maximus</strong></span> <span class='ocrx_word' id='word_1_498' title='bbox 1155 3976 1249 4027; x_wconf 85' lang='lat' dir='ltr'><strong>propter</strong></span> <span class='ocrx_word' id='word_1_499' title='bbox 1259 3965 1368 4012; x_wconf 78' lang='lat' dir='ltr'><strong>transitus</strong></span> <span class='ocrx_word' id='word_1_500' title='bbox 1377 3980 1466 4029; x_wconf 86' lang='lat' dir='ltr'><strong>augua·</strong></span> 
     </span>
     <span class='ocr_line' id='line_1_45' title="bbox 833 4028 1466 4105; baseline -0.006 -28"><span class='ocrx_word' id='word_1_501' title='bbox 833 4028 878 4105; x_wconf 71' lang='lat' dir='ltr'><strong>tina</strong></span> <span class='ocrx_word' id='word_1_502' title='bbox 893 4028 1045 4093; x_wconf 77' lang='lat' dir='ltr'><strong>litteramque</strong></span> <span class='ocrx_word' id='word_1_503' title='bbox 1060 4030 1156 4079; x_wconf 65' lang='lat' dir='ltr'><strong>aeorum</strong></span> <span class='ocrx_word' id='word_1_504' title='bbox 1171 4028 1307 4077; x_wconf 78' lang='lat' dir='ltr'><strong>ooiiuntium</strong></span> <span class='ocrx_word' id='word_1_505' title='bbox 1323 4045 1407 4104; x_wconf 66' lang='lat' dir='ltr'><strong>ounrar</strong></span> <span class='ocrx_word' id='word_1_506' title='bbox 1455 4056 1466 4067; x_wconf 86' lang='lat'><strong>·</strong></span> 
     </span>
     <span class='ocr_line' id='line_1_46' title="bbox 171 4094 1467 4221; baseline 0 -16"><span class='ocrx_word' id='word_1_507' title='bbox 171 4153 499 4219; x_wconf 62' lang='lat' dir='ltr'><strong>ffiwnaadanguloareotea.</strong></span> <span class='ocrx_word' id='word_1_508' title='bbox 531 4154 806 4216; x_wconf 78' lang='lat' dir='ltr'><strong>Sumamerunctum</strong></span> <span class='ocrx_word' id='word_1_509' title='bbox 834 4101 901 4205; x_wconf 56' lang='lat' dir='ltr'><strong>giiii</strong></span> <span class='ocrx_word' id='word_1_510' title='bbox 918 4094 1467 4221; x_wconf 51' lang='lat' dir='ltr'><strong>dqucdpoquqqamqaqpmppyqatguqua:</strong></span> 
     </span>
     <span class='ocr_line' id='line_1_47' title="bbox 172 4218 1465 4283; baseline 0.003 -16"><span class='ocrx_word' id='word_1_511' title='bbox 172 4218 279 4267; x_wconf 84' lang='lat' dir='ltr'><strong>medium</strong></span> <span class='ocrx_word' id='word_1_512' title='bbox 297 4220 358 4269; x_wconf 87' lang='lat' dir='ltr'><strong>inter</strong></span> <span class='ocrx_word' id='word_1_513' title='bbox 373 4221 395 4268; x_wconf 83' lang='grc' dir='ltr'><strong>Α</strong></span> <span class='ocrx_word' id='word_1_514' title='bbox 408 4230 432 4269; x_wconf 92' lang='lat' dir='ltr'><strong>et</strong></span> <span class='ocrx_word' id='word_1_515' title='bbox 449 4220 478 4275; x_wconf 86' lang='lat' dir='ltr'><strong>B,</strong></span> <span class='ocrx_word' id='word_1_516' title='bbox 498 4218 574 4283; x_wconf 83' lang='lat' dir='ltr'><strong>aitqua</strong></span> <span class='ocrx_word' id='word_1_517' title='bbox 594 4218 617 4266; x_wconf 86' lang='lat' dir='ltr'><strong>E</strong></span> <span class='ocrx_word' id='word_1_518' title='bbox 631 4218 651 4267; x_wconf 90' lang='lat' dir='ltr'>C</span> <span class='ocrx_word' id='word_1_519' title='bbox 665 4218 694 4277; x_wconf 81' lang='lat' dir='ltr'><strong>F,</strong></span> <span class='ocrx_word' id='word_1_520' title='bbox 710 4219 746 4266; x_wconf 84' lang='lat' dir='ltr'><strong>rel</strong></span> <span class='ocrx_word' id='word_1_521' title='bbox 763 4220 807 4281; x_wconf 84' lang='lat' dir='ltr'><strong>ipsi</strong></span> <span class='ocrx_word' id='word_1_522' title='bbox 834 4220 899 4269; x_wconf 70' lang='lat' dir='ltr'><strong>done</strong></span> <span class='ocrx_word' id='word_1_523' title='bbox 910 4220 1010 4283; x_wconf 87' lang='lat' dir='ltr'><strong>plurima</strong></span> <span class='ocrx_word' id='word_1_524' title='bbox 1024 4222 1050 4271; x_wconf 90' lang='lat' dir='ltr'><strong>in</strong></span> <span class='ocrx_word' id='word_1_525' title='bbox 1069 4221 1177 4279; x_wconf 81' lang='lat' dir='ltr'><strong>deeunu,</strong></span> <span class='ocrx_word' id='word_1_526' title='bbox 1194 4220 1235 4269; x_wconf 89' lang='lat' dir='ltr'><strong>ubi</strong></span> <span class='ocrx_word' id='word_1_527' title='bbox 1250 4234 1353 4270; x_wconf 84' lang='lat' dir='ltr'><strong>recurret</strong></span> <span class='ocrx_word' id='word_1_528' title='bbox 1368 4223 1465 4276; x_wconf 73' lang='lat' dir='ltr'><strong>moenio.</strong></span> 
     </span>
     <span class='ocr_line' id='line_1_48' title="bbox 174 4282 1468 4350; baseline 0.002 -19"><span class='ocrx_word' id='word_1_529' title='bbox 174 4284 294 4347; x_wconf 73' lang='lat' dir='ltr'><strong>squatina</strong></span> <span class='ocrx_word' id='word_1_530' title='bbox 308 4284 354 4333; x_wconf 83' lang='lat' dir='ltr'><strong>Cf</strong></span> <span class='ocrx_word' id='word_1_531' title='bbox 361 4284 464 4349; x_wconf 85' lang='lat' dir='ltr'><strong>angulus</strong></span> <span class='ocrx_word' id='word_1_532' title='bbox 474 4282 504 4330; x_wconf 92' lang='lat' dir='ltr'><strong>ad</strong></span> <span class='ocrx_word' id='word_1_533' title='bbox 515 4294 620 4331; x_wconf 87' lang='lat' dir='ltr'><strong>centrum</strong></span> <span class='ocrx_word' id='word_1_534' title='bbox 634 4282 721 4340; x_wconf 78' lang='lat' dir='ltr'><strong>Terrae,</strong></span> <span class='ocrx_word' id='word_1_535' title='bbox 736 4298 806 4347; x_wconf 85' lang='lat' dir='ltr'><strong>quem</strong></span> <span class='ocrx_word' id='word_1_536' title='bbox 835 4285 1000 4348; x_wconf 81' lang='lat' dir='ltr'><strong>ad&#39;ungeanus.</strong></span> <span class='ocrx_word' id='word_1_537' title='bbox 1036 4286 1156 4334; x_wconf 84' lang='lat' dir='ltr'><strong>Prolisiua</strong></span> <span class='ocrx_word' id='word_1_538' title='bbox 1170 4286 1231 4333; x_wconf 81' lang='lat' dir='ltr'><strong>foret</strong></span> <span class='ocrx_word' id='word_1_539' title='bbox 1246 4286 1354 4350; x_wconf 84' lang='lat' dir='ltr'><strong>prosequi</strong></span> <span class='ocrx_word' id='word_1_540' title='bbox 1370 4286 1468 4333; x_wconf 82' lang='lat' dir='ltr'><strong>iactaaa</strong></span> 
     </span>
     <span class='ocr_line' id='line_1_49' title="bbox 174 4302 1466 4413; baseline 0.003 -19"><span class='ocrx_word' id='word_1_541' title='bbox 174 4348 294 4395; x_wconf 86' lang='lat' dir='ltr'><strong>subtendit</strong></span> <span class='ocrx_word' id='word_1_542' title='bbox 304 4348 405 4396; x_wconf 88' lang='lat' dir='ltr'><strong>latitudo</strong></span> <span class='ocrx_word' id='word_1_543' title='bbox 415 4346 486 4395; x_wconf 85' lang='lat' dir='ltr'><strong>maris</strong></span> <span class='ocrx_word' id='word_1_544' title='bbox 496 4347 612 4396; x_wconf 86' lang='lat' dir='ltr'><strong>littoribus</strong></span> <span class='ocrx_word' id='word_1_545' title='bbox 624 4346 654 4402; x_wconf 85' lang='grc' dir='ltr'><strong>Ε,</strong></span> <span class='ocrx_word' id='word_1_546' title='bbox 670 4348 697 4407; x_wconf 82' lang='lat' dir='ltr'><strong>F,</strong></span> <span class='ocrx_word' id='word_1_547' title='bbox 710 4349 745 4394; x_wconf 82' lang='lat' dir='ltr'><strong>rel</strong></span> <span class='ocrx_word' id='word_1_548' title='bbox 757 4364 777 4403; x_wconf 77' lang='lat' dir='ltr'><strong>e,</strong></span> <span class='ocrx_word' id='word_1_549' title='bbox 790 4348 806 4403; x_wconf 64' lang='grc' dir='ltr'>Ε</span> <span class='ocrx_word' id='word_1_550' title='bbox 836 4302 1020 4413; x_wconf 79' lang='lat' dir='ltr'><strong>diligentissimis</strong></span> <span class='ocrx_word' id='word_1_551' title='bbox 1026 4348 1168 4411; x_wconf 84' lang='lat' dir='ltr'><strong>pbilosophis</strong></span> <span class='ocrx_word' id='word_1_552' title='bbox 1176 4359 1275 4398; x_wconf 66' lang='lat' dir='ltr'><strong>emaum</strong></span> <span class='ocrx_word' id='word_1_553' title='bbox 1284 4352 1466 4408; x_wconf 60' lang='lat' dir='ltr'><strong>obsenammat</strong></span> 
     </span>
     <span class='ocr_line' id='line_1_50' title="bbox 174 4412 1469 4478; baseline 0.002 -20"><span class='ocrx_word' id='word_1_554' title='bbox 174 4412 292 4459; x_wconf 84' lang='lat' dir='ltr'><strong>terminari</strong></span> <span class='ocrx_word' id='word_1_555' title='bbox 301 4430 309 4471; x_wconf 87' lang='lat'>;</span> <span class='ocrx_word' id='word_1_556' title='bbox 328 4425 434 4459; x_wconf 82' lang='lat' dir='ltr'><strong>versetur</strong></span> <span class='ocrx_word' id='word_1_557' title='bbox 449 4422 528 4459; x_wconf 83' lang='lat' dir='ltr'><strong>autem</strong></span> <span class='ocrx_word' id='word_1_558' title='bbox 544 4420 659 4473; x_wconf 85' lang='lat' dir='ltr'><strong>punctum</strong></span> <span class='ocrx_word' id='word_1_559' title='bbox 673 4414 704 4469; x_wconf 80' lang='lat' dir='ltr'><strong>A,</strong></span> <span class='ocrx_word' id='word_1_560' title='bbox 722 4412 747 4458; x_wconf 93' lang='lat' dir='ltr'><strong>in</strong></span> <span class='ocrx_word' id='word_1_561' title='bbox 758 4428 806 4459; x_wconf 88' lang='lat' dir='ltr'><strong>me·</strong></span> <span class='ocrx_word' id='word_1_562' title='bbox 836 4413 946 4475; x_wconf 87' lang='lat' dir='ltr'><strong>legantur</strong></span> <span class='ocrx_word' id='word_1_563' title='bbox 954 4430 1009 4478; x_wconf 78' lang='lat' dir='ltr'><strong>quas</strong></span> <span class='ocrx_word' id='word_1_564' title='bbox 1019 4415 1066 4461; x_wconf 89' lang='lat' dir='ltr'><strong>buc</strong></span> <span class='ocrx_word' id='word_1_565' title='bbox 1074 4424 1098 4462; x_wconf 83' lang='lat' dir='ltr'><strong>et</strong></span> <span class='ocrx_word' id='word_1_566' title='bbox 1108 4414 1166 4463; x_wconf 80' lang='lat' dir='ltr'><strong>illuc</strong></span> <span class='ocrx_word' id='word_1_567' title='bbox 1173 4425 1224 4463; x_wconf 89' lang='lat' dir='ltr'><strong>tum</strong></span> <span class='ocrx_word' id='word_1_568' title='bbox 1232 4416 1257 4463; x_wconf 88' lang='lat' dir='ltr'><strong>in</strong></span> <span class='ocrx_word' id='word_1_569' title='bbox 1267 4416 1386 4463; x_wconf 72' lang='lat' dir='ltr'><strong>Trannct</strong></span> <span class='ocrx_word' id='word_1_570' title='bbox 1394 4414 1469 4477; x_wconf 80' lang='lat' dir='ltr'><strong>Angl.</strong></span> 
     </span>
     <span class='ocr_line' id='line_1_51' title="bbox 176 4474 1469 4540; baseline 0.003 -19"><span class='ocrx_word' id='word_1_571' title='bbox 176 4474 215 4522; x_wconf 93' lang='lat' dir='ltr'><strong>dio</strong></span> <span class='ocrx_word' id='word_1_572' title='bbox 226 4476 287 4523; x_wconf 85' lang='lat' dir='ltr'><strong>inter</strong></span> <span class='ocrx_word' id='word_1_573' title='bbox 299 4487 389 4539; x_wconf 84' lang='lat' dir='ltr'><strong>puncta</strong></span> <span class='ocrx_word' id='word_1_574' title='bbox 406 4476 437 4531; x_wconf 85' lang='grc' dir='ltr'><strong>Ε,</strong></span> <span class='ocrx_word' id='word_1_575' title='bbox 452 4474 482 4533; x_wconf 72' lang='lat' dir='ltr'><strong>li,</strong></span> <span class='ocrx_word' id='word_1_576' title='bbox 492 4486 515 4523; x_wconf 91' lang='lat' dir='ltr'><strong>et</strong></span> <span class='ocrx_word' id='word_1_577' title='bbox 531 4484 645 4537; x_wconf 80' lang='lat' dir='ltr'><strong>punctum</strong></span> <span class='ocrx_word' id='word_1_578' title='bbox 659 4476 684 4523; x_wconf 92' lang='lat' dir='ltr'>D</span> <span class='ocrx_word' id='word_1_579' title='bbox 695 4476 719 4522; x_wconf 89' lang='lat' dir='ltr'><strong>in</strong></span> <span class='ocrx_word' id='word_1_580' title='bbox 731 4476 809 4523; x_wconf 87' lang='lat' dir='ltr'><strong>medio</strong></span> <span class='ocrx_word' id='word_1_581' title='bbox 838 4488 889 4525; x_wconf 92' lang='lat' dir='ltr'><strong>tum</strong></span> <span class='ocrx_word' id='word_1_582' title='bbox 901 4478 927 4524; x_wconf 90' lang='lat' dir='ltr'><strong>in</strong></span> <span class='ocrx_word' id='word_1_583' title='bbox 939 4478 1007 4526; x_wconf 84' lang='lat' dir='ltr'><strong>Mon.</strong></span> <span class='ocrx_word' id='word_1_584' title='bbox 1022 4477 1095 4525; x_wconf 86' lang='lat' dir='ltr'><strong>Paris.</strong></span> <span class='ocrx_word' id='word_1_585' title='bbox 1108 4478 1378 4540; x_wconf 80' lang='lat' dir='ltr'><strong>dispersa&#39;inreniuntur,</strong></span> <span class='ocrx_word' id='word_1_586' title='bbox 1390 4478 1430 4526; x_wconf 86' lang='lat' dir='ltr'><strong>aad</strong></span> <span class='ocrx_word' id='word_1_587' title='bbox 1441 4493 1469 4525; x_wconf 84' lang='lat' dir='ltr'><strong>aa</strong></span> 
     </span>
     <span class='ocr_line' id='line_1_52' title="bbox 176 4538 1466 4604; baseline 0.005 -20"><span class='ocrx_word' id='word_1_588' title='bbox 176 4538 237 4585; x_wconf 88' lang='lat' dir='ltr'><strong>inter</strong></span> <span class='ocrx_word' id='word_1_589' title='bbox 253 4552 344 4601; x_wconf 85' lang='lat' dir='ltr'><strong>puncta</strong></span> <span class='ocrx_word' id='word_1_590' title='bbox 355 4554 375 4597; x_wconf 90' lang='lat' dir='ltr'><strong>e,</strong></span> <span class='ocrx_word' id='word_1_591' title='bbox 388 4542 406 4588; x_wconf 84' lang='lat' dir='ltr'><strong>f.</strong></span> <span class='ocrx_word' id='word_1_592' title='bbox 443 4540 466 4587; x_wconf 85' lang='lat' dir='ltr'><strong>Si</strong></span> <span class='ocrx_word' id='word_1_593' title='bbox 482 4554 524 4600; x_wconf 86' lang='lat' dir='ltr'><strong>per</strong></span> <span class='ocrx_word' id='word_1_594' title='bbox 540 4539 693 4587; x_wconf 85' lang='lat' dir='ltr'><strong>differentiam</strong></span> <span class='ocrx_word' id='word_1_595' title='bbox 705 4539 807 4587; x_wconf 87' lang='lat' dir='ltr'><strong>altitudi·</strong></span> <span class='ocrx_word' id='word_1_596' title='bbox 840 4542 967 4601; x_wconf 78' lang='lat' dir='ltr'><strong>praesertim</strong></span> <span class='ocrx_word' id='word_1_597' title='bbox 979 4556 1032 4604; x_wconf 85' lang='lat' dir='ltr'><strong>quae</strong></span> <span class='ocrx_word' id='word_1_598' title='bbox 1043 4542 1180 4591; x_wconf 65' lang='lat' dir='ltr'><strong>clarinriri</strong></span> <span class='ocrx_word' id='word_1_599' title='bbox 1198 4542 1310 4591; x_wconf 83' lang='lat' dir='ltr'><strong>Halieius</strong></span> <span class='ocrx_word' id='word_1_600' title='bbox 1322 4544 1397 4591; x_wconf 84' lang='lat' dir='ltr'><strong>Num.</strong></span> <span class='ocrx_word' id='word_1_601' title='bbox 1410 4548 1466 4591; x_wconf 78' lang='lat'><strong>226.</strong></span> 
     </span>
     <span class='ocr_line' id='line_1_53' title="bbox 177 4600 1467 4665; baseline 0.005 -18"><span class='ocrx_word' id='word_1_602' title='bbox 177 4616 235 4649; x_wconf 89' lang='lat' dir='ltr'><strong>num</strong></span> <span class='ocrx_word' id='word_1_603' title='bbox 250 4604 269 4650; x_wconf 92' lang='lat' dir='ltr'>C</span> <span class='ocrx_word' id='word_1_604' title='bbox 286 4606 316 4661; x_wconf 78' lang='lat' dir='ltr'><strong>A,</strong></span> <span class='ocrx_word' id='word_1_605' title='bbox 340 4604 359 4652; x_wconf 85' lang='lat' dir='ltr'>C</span> <span class='ocrx_word' id='word_1_606' title='bbox 374 4606 404 4661; x_wconf 86' lang='lat' dir='ltr'><strong>B,</strong></span> <span class='ocrx_word' id='word_1_607' title='bbox 421 4616 553 4665; x_wconf 81' lang='lat' dir='ltr'><strong>exponatur</strong></span> <span class='ocrx_word' id='word_1_608' title='bbox 568 4604 684 4665; x_wconf 78' lang='lat' dir='ltr'><strong>qumititas</strong></span> <span class='ocrx_word' id='word_1_609' title='bbox 699 4600 768 4651; x_wconf 80' lang='lat' dir='ltr'><strong>aestiua</strong></span> <span class='ocrx_word' id='word_1_610' title='bbox 785 4604 808 4651; x_wconf 93' lang='lat' dir='ltr'><strong>in</strong></span> <span class='ocrx_word' id='word_1_611' title='bbox 840 4607 959 4655; x_wconf 80' lang='lat' dir='ltr'><strong>Transeat.</strong></span> <span class='ocrx_word' id='word_1_612' title='bbox 974 4617 998 4654; x_wconf 89' lang='lat' dir='ltr'><strong>et</strong></span> <span class='ocrx_word' id='word_1_613' title='bbox 1012 4606 1123 4655; x_wconf 80' lang='lat' dir='ltr'><strong>cassinus</strong></span> <span class='ocrx_word' id='word_1_614' title='bbox 1133 4608 1159 4655; x_wconf 90' lang='lat' dir='ltr'><strong>in</strong></span> <span class='ocrx_word' id='word_1_615' title='bbox 1172 4608 1241 4655; x_wconf 83' lang='lat' dir='ltr'><strong>blau.</strong></span> <span class='ocrx_word' id='word_1_616' title='bbox 1256 4608 1330 4657; x_wconf 80' lang='lat' dir='ltr'><strong>Paria.</strong></span> <span class='ocrx_word' id='word_1_617' title='bbox 1343 4622 1383 4657; x_wconf 72' lang='lat' dir='ltr'><strong>am</strong></span> <span class='ocrx_word' id='word_1_618' title='bbox 1397 4612 1467 4657; x_wconf 80' lang='lat' dir='ltr'><strong>itta.</strong></span> 
     </span>
     <span class='ocr_line' id='line_1_54' title="bbox 176 4666 1183 4739; baseline 0.009 -26"><span class='ocrx_word' id='word_1_619' title='bbox 176 4666 236 4713; x_wconf 88' lang='lat' dir='ltr'><strong>mari</strong></span> <span class='ocrx_word' id='word_1_620' title='bbox 247 4666 303 4715; x_wconf 80' lang='lat' dir='ltr'><strong>ratis</strong></span> <span class='ocrx_word' id='word_1_621' title='bbox 314 4668 434 4731; x_wconf 76' lang='lat' dir='ltr'><strong>profundo</strong></span> <span class='ocrx_word' id='word_1_622' title='bbox 446 4668 543 4719; x_wconf 79' lang='lat' dir='ltr'><strong>&#39;l&#39;erraru</strong></span> <span class='ocrx_word' id='word_1_623' title='bbox 555 4677 626 4714; x_wconf 80' lang='lat' dir='ltr'><strong>totum</strong></span> <span class='ocrx_word' id='word_1_624' title='bbox 637 4668 754 4731; x_wconf 78' lang='lat' dir='ltr'><strong>cingente,</strong></span> <span class='ocrx_word' id='word_1_625' title='bbox 769 4684 809 4715; x_wconf 82' lang='lat' dir='ltr'><strong>ex·</strong></span> <span class='ocrx_word' id='word_1_626' title='bbox 842 4674 910 4719; x_wconf 81' lang='grc'><strong>1713.</strong></span> <span class='ocrx_word' id='word_1_627' title='bbox 924 4670 1009 4732; x_wconf 80' lang='lat' dir='ltr'><strong>scripta</strong></span> <span class='ocrx_word' id='word_1_628' title='bbox 1017 4670 1183 4739; x_wconf 67' lang='lat' dir='ltr'><strong>reliquerunt.¹</strong></span> 
     </span>
    </p>
   </div>
   <div class='ocr_carea' id='block_1_5' title="bbox 799 4756 840 4803">
    <p class='ocr_par' dir='ltr' id='par_1_5' title="bbox 799 4756 840 4803">
     <span class='ocr_line' id='line_1_55' title="bbox 799 4756 840 4803; baseline 0 0"><span class='ocrx_word' id='word_1_629' title='bbox 799 4756 840 4803; x_wconf 80' lang='lat'><strong>13</strong></span> 
     </span>
    </p>
   </div>
   <div class='ocr_carea' id='block_1_6' title="bbox 0 0 1666 5517">
    <p class='ocr_par' dir='ltr' id='par_1_6' title="bbox 0 0 1666 5517">
     <span class='ocr_line' id='line_1_56' title="bbox 0 0 1666 5517; baseline 0 0"><span class='ocrx_word' id='word_1_630' title='bbox 0 0 1666 5517; x_wconf 95' lang='lat' dir='ltr'><strong> </strong></span> 
     </span>
    </p>
   </div>
  </div>
 </body>
</html>
