3284 5517
197 350 279 415 mi
679 348 1018 421 IN'I'RODUGTIO
1306 345 1428 434 '[Crr.
1446 354 1491 425 11.

196 521 293 587 -Hinc
320 520 396 587 verb
425 521 565 609 sequitur
593 522 703 589 sideris
732 526 765 589 in
794 525 910 590 vertite
939 526 976 603 Z,
1009 526 1169 591 eonstituti
1199 525 1386 610 pamilaaim
1418 550 1489 595 esse

202 630 330 708 numm,
356 630 490 695 eandem
514 654 653 698 croeeere
676 656 747 699 curn
773 633 918 699 distantid
945 657 965 698 a
990 636 1106 701 vertice
1129 648 1161 701 et
1181 636 1215 699 in
1235 636 1399 702 horizonte
1418 639 1488 703 fieri

203 737 382 801 maximam.
444 738 592 823 Sequitur
617 746 741 827 quoque
772 741 858 805 sinus
886 738 1095 825 paraliaxium
1120 742 1156 806 iu
1178 742 1308 826 paribus
1333 743 1491 809 sideritis

188 856 312 908 *centro
336 856 430 909 terrae
451 842 604 909 distantiis
626 868 694 911 esse
713 859 749 912 ut
770 848 857 913 sinus
877 847 1095 912 distantiarum
1117 848 1253 913 visarum
1270 870 1291 911 a
1310 848 1435 928 vertite,
1456 864 1491 917 et

161 1022 164 1029 .
203 948 276 1015 idei)
289 951 316 1015 si
330 950 421 1015 detur
434 952 600 1035 paraliaxir
615 953 724 1019 sideris
738 955 773 1023 in
787 950 890 1043 aliqua
904 976 925 1020 a
938 955 1055 1023 vertite
1067 954 1224 1035 distantii,
1239 954 1365 1023 dabitur
1379 957 1413 1022 iu
1423 956 1485 1025 uit

254 3273 305 3330 tl.
327 3264 412 3331 Datt
439 3265 548 3333 sideris
571 3265 614 3343 Q,
641 3265 793 3351 paraliaxi
816 3265 848 3330 A
871 3264 905 3342 Q
926 3263 968 3342 T,
991 3284 1063 3328 cum
1085 3260 1202 3351 angulo
1224 3262 1496 3329 ZAVseudis«

210 3368 306 3437 tantii
332 3385 501 3457 apparente
525 3394 545 3437 a
567 3372 690 3451 vertice,
714 3372 806 3437 datur
826 3372 860 3435 in
884 3368 1120 3435 semidiametris
1144 3381 1237 3437 terre
1257 3380 1323 3433 tum
1343 3371 1496 3435 distantia

213 3476 294 3555 QT
315 3462 423 3545 sutus
445 3480 480 3556 Q
501 3503 520 3545 a
540 3494 649 3545 aeneo
667 3490 769 3557 aaa,
786 3491 853 3543 tum
868 3476 1136 3561 distantiaeij
1152 3474 1218 3551 Qa
1232 3474 1303 3539 1000
1318 3477 1359 3541 A.
1402 3476 1495 3542 nuo

212 3584 295 3649 enim
316 3587 432 3675 angulo
456 3586 482 3650 Z
496 3587 527 3651 A
544 3586 577 3664 Q
598 3585 690 3651 datur
711 3584 743 3651 T
759 3585 789 3651 A
806 3584 839 3662 Q
853 3584 1118 3670 complementum
1130 3581 1212 3645 illius
1226 3580 1268 3644 ad
1282 3582 1361 3647 duos
1377 3597 1495 3662 rectos,

212 3691 305 3769 unde,
332 3693 375 3757 ob
401 3692 509 3757 dutum
530 3693 624 3759 etiam
649 3690 798 3779 angulum
824 3691 856 3758 Α
881 3690 914 3768 Q
934 3688 976 3770 T,
996 3688 1111 3756 dantur
1133 3700 1197 3751 tres
1218 3686 1325 3775 anguli
1344 3688 1498 3775 trianguli

214 3798 247 3874 Q
263 3799 294 3861 A
309 3799 351 3875 T,
372 3820 413 3863 ex
430 3798 544 3885 quibus
562 3799 655 3864 datur
677 3796 756 3861 ratio
777 3796 910 3862 laterum
935 3798 1017 3861 inter
1037 3818 1080 3859 se.
1126 3793 1215 3859 Hinc
1238 3793 1309 3857 dati
1332 3792 1442 3857 sideris
1465 3795 1498 3859 P

212 3905 364 3991 parallaxi
378 3906 573 3986 horizontali,
588 3908 616 3972 si
629 3907 778 3973 inferatur
793 3918 829 3971 ut
842 3906 929 3971 sinus
942 3906 1137 3992 parallaxeos
1151 3904 1192 3967 ad
1207 3904 1308 3965 sinum
1323 3914 1433 3981 totum,
1449 3903 1498 3969 itai

212 4014 439 4081 semidiameter
452 4016 571 4081 telluris
587 4017 618 4083 A
633 4016 665 4083 T
678 4014 719 4079 ad
734 4026 880 4105 quartum
894 4015 1084 4082 obtinebitur
1098 4012 1245 4077 distantia
1261 4012 1289 4076 P
1303 4012 1336 4077 T
1350 4011 1460 4079 sideris
1475 4038 1498 4080 a

213 4136 321 4189 centro
335 4136 428 4187 terrae
442 4124 484 4189 ob
499 4124 648 4213 angulum
663 4123 695 4190 T
710 4124 740 4193 A
757 4125 785 4190 P
799 4136 928 4190 rectum.
1301 4147 1305 4153 ·

258 4240 309 4301 82.
334 4233 427 4299 Sinus
448 4234 648 4320 parallaxeon
671 4232 808 4299 siderum
831 4234 866 4311 Q
886 4247 917 4299 et
939 4257 961 4323 q
980 4235 1013 4298 in
1034 4231 1206 4323 aequalibus
1226 4230 1379 4296 distantiis
1401 4254 1501 4318 appa-

213 4340 354 4405 rentibus
375 4362 395 4409 a
415 4342 542 4419 vertice,
563 4341 682 4407 suntin
698 4340 819 4405 ratione
834 4341 995 4426 reciproci
1012 4340 1227 4406 distantiarum
1241 4338 1377 4405 siderum
1392 4363 1411 4405 a
1425 4362 1503 4404 cen·

214 4458 265 4512 tro
280 4460 380 4512 terrae.
426 4448 552 4514 Etenim
566 4460 601 4515 ut
616 4449 702 4514 sinus
716 4448 912 4535 parallaxeos
929 4450 959 4512 A
975 4448 1008 4523 Q
1023 4448 1064 4528 T,
1081 4449 1120 4512 ad
1136 4448 1238 4511 sinum
1253 4446 1361 4534 angarii
1376 4444 1444 4511 ΖΑ
1456 4446 1502 4525 V,

201 4555 260 4641 ¹itu
282 4568 329 4647 est
351 4554 429 4645 AT
449 4554 546 4632 adQ
568 4554 600 4621 T
617 4568 652 4647 et
673 4566 709 4622 ut
731 4556 816 4623 sinus
838 4554 945 4645 anguli
966 4554 992 4620 Z
1008 4556 1038 4620 A
1055 4555 1095 4635 V,
1120 4554 1161 4619 ad
1182 4554 1284 4619 sinum
1305 4550 1507 4638 paraturos
