3284 5517
93 296 99 305 ’
196 339 262 403 170
512 335 856 404 rmnosormaa
878 336 1154 407 urrunnun
1177 337 1251 418 [os
1261 334 1386 402 Musa.
1399 337 1503 403 sm.

193 501 274 569 horti
287 502 441 571 matins
457 512 488 571 5.
504 508 568 572 ὅθ’.
611 506 770 573 Avenioni
789 518 946 573 cometam
965 506 1044 573 vidit
1064 506 1097 571 in
1111 522 1145 561 Δ
1163 508 1313 571 1Ψ.00’.
1329 526 1402 569 cum
1424 481 1501 569 lati-
1611 566 1612 585 2

193 612 304 677 tudine
325 612 454 679 australi
476 616 607 680 1⁸¹.oo'.
661 614 705 681 Et
727 616 769 681 R.
793 617 831 682 P.
855 618 951 705 Ango
973 618 1007 681 in
1029 616 1202 683 Academia
1226 614 1385 680 Flexiensi
1405 614 1500 699 apud

195 722 318 803 Gallos,
332 722 412 788 hori
435 723 543 811 quinti
564 724 717 791 matutini
740 725 859 813 (idest,
874 724 953 793 horti
969 736 999 795 5.
1016 728 1056 793 9'.
1073 723 1225 807 Londini)
1245 736 1399 789 cometam
1414 722 1499 787 vidit

192 833 227 896 in
247 833 354 899 medio
374 834 456 900 inter
475 836 581 903 stellas
594 837 674 903 duas
694 858 816 925 puras,
839 858 972 924 quarum
987 858 1052 901 una
1064 834 1168 901 media
1183 846 1231 899 est
1247 826 1343 899 trium
1356 832 1388 897 in
1404 832 1497 897 reat

191 936 275 1004 linei
301 940 335 1003 in
360 940 501 1031 Virginis
526 944 654 1009 australi
675 966 771 1009 manu
792 943 916 1031 Bayero
939 947 977 1025 ψ,
1003 942 1156 1009 etaltera
1185 953 1233 1007 est
1260 954 1402 1005 extrema
1432 940 1497 1003 alae

194 1045 318 1135 Bayero
340 1055 362 1111 t.
408 1048 505 1115 Unde
527 1064 649 1115 cometa
662 1062 738 1115 tunc
751 1049 810 1116 firit
829 1051 863 1113 in
876 1066 910 1107 Δ
929 1058 1002 1117 ΙΨ.
1019 1053 1080 1117 46'.
1096 1074 1168 1115 cum
1184 1048 1347 1115 latitudine
1362 1047 1498 1113 australi

158 1187 161 1194 ⁴
194 1154 256 1218 ὅθ’.
302 1152 426 1219 Eodem
443 1155 495 1220 die
517 1156 677 1225 Bostouiae
698 1158 734 1223 in
755 1155 846 1223 Novi
862 1158 979 1245 Anglii
1000 1158 1034 1222 in
1055 1158 1218 1224 latitudine
1233 1161 1308 1239 423.
1323 1156 1496 1243 graduum,

193 1258 272 1323 hort
287 1260 395 1347 quintal
410 1262 573 1343 matutinis,
590 1262 637 1351 (id
652 1278 699 1329 est
713 1264 854 1331 Londini
868 1262 947 1329 horai
962 1265 1112 1331 matutina
1129 1274 1159 1332 9.
1174 1264 1251 1345 44'.)
1272 1276 1394 1329 cometa
1408 1264 1499 1327 visus

193 1378 241 1431 ast
254 1388 355 1452 prope
367 1383 401 1421 Δ
420 1358 493 1433 ΙΨ.
508 1390 581 1435 cum
595 1353 760 1434 latitudine
773 1368 902 1434 australi
918 1376 969 1434 Ψ.
987 1373 1048 1435 30’.
1064 1372 1110 1435 uti
1124 1394 1144 1435 a
1157 1370 1197 1435 cl.
1215 1368 1345 1434 Halieio
1359 1369 1481 1455 accepi.

236 1474 319 1539 Nov.
345 1482 396 1541 19.
417 1474 498 1541 hora
517 1488 590 1541 mat
606 1480 648 1560 ἢ
673 1475 896 1563 Cantabrigiae,
920 1490 1040 1541 cometa
1063 1476 1267 1563 (observante
1283 1478 1399 1562 juvene
1414 1498 1500 1563 quo-

192 1580 279 1663 dam)
301 1578 437 1646 distabat
457 1606 478 1647 a
501 1580 594 1667 Spictl
608 1592 644 1649 tt
659 1584 748 1672 quasi
767 1590 821 1648 Ψ.
844 1582 1112 1670 boreazephyrum
1128 1607 1247 1651 versus.
1292 1582 1373 1649 Erat
1386 1598 1497 1650 autem

194 1692 289 1778 Spica
302 1693 337 1756 in
350 1708 384 1746 Δ
402 1694 728 1762 19⁸¹.23'.47'‘.oum
748 1694 803 1758 lat.
819 1706 913 1759 auatr.
931 1702 983 1759 Ψ.
1002 1698 1039 1759 1’.
1056 1699 1126 1762 59”.
1162 1696 1286 1761 Eodem
1300 1696 1351 1761 die
1370 1696 1443 1762 hor.
1460 1708 1496 1765 5.

195 1811 271 1863 mat.
295 1798 457 1865 Bostoniae
478 1800 512 1863 in
533 1798 627 1865 Nova
648 1799 776 1891 anglis,
798 1814 921 1866 cometa
941 1800 1077 1869 distabat
1097 1827 1117 1868 a
1140 1804 1234 1890 Spica
1250 1813 1286 1870 ππ
1298 1804 1401 1893 gradu
1417 1828 1498 1887 uno,

193 1904 368 1971 differentiri
393 1904 595 1971 latitudinum
620 1907 774 1973 existente
798 1906 860 1973 td.
916 1906 1039 1977 Eodem
1062 1910 1114 1976 die
1138 1911 1172 1975 in
1200 1912 1308 1978 Insula
1333 1912 1499 1994 Jamaicae,

193 2031 317 2083 cometa
344 2018 481 2082 distabat
505 2042 525 2083 a
551 2018 645 2105 spica
673 2019 839 2085 intervallo
864 2022 952 2107 quasi
981 2020 1098 2111 gradus
1127 2024 1229 2089 unius.
1289 2024 1413 2090 Eodem
1446 2027 1500 2093 die

194 2124 238 2190 D.
254 2124 415 2189 Artlrum
432 2126 546 2211 Stoper
560 2114 742 2193 adilavium
757 2128 926 2206 Patuxent,
942 2151 1042 2215 prope
1058 2130 1208 2219 Hunting
1219 2132 1323 2197 Creek
1334 2133 1367 2197 in
1383 2134 1501 2223 Mar-5-

193 2234 280 2313 land,
295 2235 330 2299 in
344 2235 481 2299 confinio
495 2235 650 2323 Vrrginioe
664 2238 698 2301 io
711 2236 764 2303 lat.
781 2242 878 2321 982⁸*-
893 2236 971 2303 horel
987 2236 1094 2327 quinti
1109 2240 1261 2306 matutini
1277 2240 1324 2327 (id
1338 2257 1394 2321 est,
1415 2244 1501 2311 horsi

199 2355 250 2413 10.
267 2346 420 2428 Londini)
443 2357 597 2411 cometam
609 2347 690 2411 vidit
703 2370 799 2433 supra
815 2349 941 2436 Spicum
955 2356 1000 2429 ἣν,
1016 2360 1048 2413 et
1063 2372 1135 2413 cum
1152 2348 1245 2436 Spicri
1264 2352 1501 2437 propemodum

194 2456 407 2542 conjunctum,
435 2456 588 2521 existente
609 2456 755 2522 distantia
776 2459 859 2524 inter
881 2457 1008 2523 eosdem
1031 2459 1120 2545 quasi
1144 2462 1197 2545 Ψ.
1254 2458 1297 2523 Et
1321 2458 1360 2545 (²)
1383 2482 1425 2523 ex
1448 2460 1502 2523 his

195 2562 463 2629 observationibus
485 2563 567 2628 inter
581 2586 613 2629 se
627 2564 747 2629 collatis
762 2566 878 2655 colligo
893 2564 980 2653 quod
997 2564 1076 2631 horai
1093 2576 1122 2632 9.
1139 2568 1203 2631 44'.
1219 2566 1360 2631 Londini
1374 2580 1502 2633 cometa

196 2683 263 2737 erat
286 2668 321 2733 in
345 2684 378 2723 Δ
404 2676 476 2734 ΙΨ.
500 2671 561 2734 50’.
584 2692 658 2733 cum
681 2669 848 2736 latitudine
870 2671 998 2737 australi
1013 2678 1074 2763 ΙΨ.
1097 2672 1158 2736 25'.
1181 2672 1317 2737 circiter.
1363 2672 1503 2738 Cometa

182 2792 302 2850 'autem
322 2800 381 2866 per
402 2779 556 2845 theoriam
572 2781 641 2867 jam
663 2792 730 2847 erat
749 2782 783 2845 in
797 2797 831 2836 Δ
851 2788 922 2847 ΙΨ.
938 2782 999 2847 52'.
1018 2782 1087 2846 15”.
1104 2802 1176 2846 cum
1190 2780 1355 2847 latitudine
1370 2781 1504 2847 australi

198 2895 251 2951 1⁸¹.
267 2887 328 2951 26'.
344 2888 417 2953 W.
578 2951 582 2964 ,

242 2997 324 3062 Nor.
341 3006 392 3064 20.
417 2998 461 3064 D.
478 2997 687 3063 Montenarus
704 2999 916 3067 astronomiae
931 2998 1095 3065 Professor
1110 2996 1294 3077 Paduensis,
1315 2996 1395 3062 horrl
1410 2996 1503 3061 sextil

198 3106 350 3171 matutini
365 3106 506 3173 Venetiis
528 3107 646 3193 (idest,
661 3106 741 3173 honi
756 3118 787 3175 5.
805 3110 864 3174 lot.
882 3108 1033 3189 Londini)
1057 3120 1212 3173 cometam
1225 3106 1304 3172 vidit
1325 3105 1359 3170 in
1372 3121 1405 3159 Δ
1422 3112 1504 3171 ΞΨ.

199 3236 272 3277 cum
293 3214 459 3281 latitudine
480 3216 607 3281 australi
624 3223 674 3282 1⁸¹.
695 3214 755 3282 30¹.
801 3216 925 3281 Eodem
940 3216 991 3281 die
1007 3214 1179 3296 Bostoniae,
1195 3214 1330 3281 distabat
1344 3228 1469 3282 cometa
1483 3238 1506 3279 a

203 3320 296 3407 Spicsi
322 3331 367 3401 πυ,
391 3329 446 3409 43].
468 3322 673 3413 longitudinis
702 3324 737 3387 in
765 3323 928 3401 orientem,
958 3320 1093 3409 ideoque
1123 3336 1189 3389 erat
1218 3322 1252 3387 in
1276 3337 1309 3377 Δ
1336 3328 1411 3389 23⁸¹.
1438 3324 1504 3387 24'.

201 3430 334 3495 circiter.

246 3536 328 3602 Nor.
351 3546 404 3603 21.
432 3538 605 3604 Ponthaeus
626 3550 659 3604 et
683 3540 759 3604 socii
782 3541 852 3605 hor.
879 3551 952 3607 mat.
981 3542 1031 3623 72.
1057 3548 1212 3605 cometam
1237 3538 1446 3603 observarunt
1471 3538 1507 3602 in

203 3662 236 3700 Δ
252 3653 328 3716 27⁸².
345 3649 407 3713 ὅθ’.
422 3670 496 3713 cum
510 3648 676 3713 latitudine
689 3650 818 3715 australi
843 3656 891 3713 1⁸³.
910 3651 970 3716 16’.
988 3650 1107 3715 Cellius
1121 3649 1155 3713 in
1170 3665 1203 3704 Δ
1219 3658 1295 3716 pgr,
1311 3650 1408 3737 Ango
1421 3647 1509 3713 horai

111 3737 113 3746 ¹
205 3754 312 3841 quinti
334 3754 542 3821 matutinalia
563 3771 596 3809 Δ
612 3763 688 3824 2Ψ.
705 3759 767 3823 ta'.
784 3756 994 3821 Montenarus
1009 3756 1042 3819 in
1056 3772 1090 3811 Δ
1106 3763 1180 3825 2Ψ.
1198 3758 1259 3822 51‘.
1306 3755 1429 3821 Eodem
1453 3754 1509 3821 die

203 3866 237 3931 in
253 3864 359 3930 Insuld
371 3864 523 3930 Jamaicae
537 3880 659 3931 cometa
673 3867 757 3932 visus
772 3877 820 3933 est
838 3889 939 3953 prope
952 3866 1142 3953 principium
1160 3866 1291 3951 scorpii,
1308 3866 1510 3953 eandemque

204 3974 328 4039 circiter
340 3973 537 4048 latitudinem
551 3974 662 4039 habuit
676 3997 748 4039 oum
763 3972 857 4060 Spica
873 3972 1024 4065 Virginis,
1041 3974 1145 4051 idest,
1163 3980 1216 4066 Ψ.
1233 3974 1272 4038 2'.
1312 3971 1438 4037 Eodem
1455 3973 1511 4039 die

203 4081 246 4148 ad
267 4084 379 4147 horam
401 4082 543 4170 quintam
562 4084 747 4149 matutinam
770 4081 943 4149 Ballasorae
965 4084 999 4147 in
1022 4080 1114 4149 ludit
1137 4082 1301 4160 Orientali,
1329 4081 1446 4168 (idest
1467 4080 1512 4147 ad

204 4190 318 4255 horam
338 4192 439 4257 noctis
460 4190 667 4277 praecedentis
692 4200 741 4257 ll.
758 4194 820 4257 20‘.
838 4190 990 4272 Londini)
1007 4204 1098 4277 capta
1113 4202 1159 4257 cst
1180 4190 1326 4255 distantia
1340 4202 1476 4253 cometa*
1491 4211 1513 4252 a

209 4297 302 4383 Spict
316 4308 352 4366 u
367 4305 421 4369 Ψ.
434 4303 495 4364 35’.
504 4300 538 4362 in
552 4300 715 4363 orientem.
747 4299 787 4363 In
801 4290 884 4363 linei
900 4298 984 4363 recti
1000 4311 1068 4363 crat
1081 4298 1164 4361 inter
1175 4299 1299 4385 Spicum
1312 4310 1344 4360 et
1353 4296 1512 4373 Laneem,

240 4498 278 4562 (f)
296 4500 311 4527 ³
324 4500 363 4546 Er
378 4498 413 4545 ta
429 4498 620 4545 maantam
635 4496 698 4544 inter
713 4511 737 4545 re
752 4498 841 4545 collutis
873 4496 923 4543 hor.
938 4500 960 4543 9.
974 4494 1020 4543 44'.
1036 4494 1149 4553 Londinl,
1161 4494 1296 4543 reductione
1306 4490 1472 4543 mnsam
1482 4492 1517 4541 ad

207 4562 246 4611 via
261 4569 360 4609 comare
375 4562 437 4608 inter
460 4561 538 4609 uera
556 4561 733 4616 determinatur,
750 4561 842 4609 etnim
873 4559 1031 4611 meridianum
1043 4558 1228 4611 umatum

207 4626 353 4692 colliguntur
364 4635 462 4675 comma
471 4624 596 4690 uagitum
606 4634 630 4674 ct
641 4624 741 4673 latitudo
758 4624 840 4691 (149.)
