3284 5517
437 404 628 474 FLUXUS
652 410 713 474 Ac
737 408 993 477 REFLUXUS
1014 410 1174 477 mama
1380 419 1444 479 255

161 578 256 643 etiam
281 598 353 667 quoe
375 581 442 646 sola
467 582 507 646 sit
529 582 651 646 veritati
674 592 891 659 consmtsneu,
914 580 1092 666 cujusmodi
1115 591 1164 645 est
1184 580 1350 667 gravitatio
1379 580 1445 647 tim

160 685 268 751 verrds
285 688 389 753 Solem
403 687 497 775 quam
511 689 645 753 Lunam.

201 799 225 878 i.
243 804 293 859 14.
318 796 476 861 Causam'
467 796 562 884 rffl'tur
575 795 679 861 fluxus
694 818 731 863 ac
745 794 882 862 oefluxts
895 796 991 861 maris
1009 755 1186 881 proximam
1200 796 1235 860 in
1248 796 1330 861 binis
1344 798 1436 863 vorti·

158 904 246 967 cibus
267 905 405 969 materiae
426 906 587 991 cujusdam
608 905 728 970 subtilis
749 905 948 982 collocamus,
970 926 1104 991 quonam
1122 906 1245 971 alter
1217 928 1301 972 circa
1321 908 1438 985 Solem,

133 1076 134 1081 ,
158 1008 236 1074 alter
250 1010 366 1073 verb
339 1032 423 1075 circa
445 1012 600 1077 Lunam
579 1079 581 1085 ,
590 1026 634 1077 rta
649 1014 886 1103 circumagam,
908 1026 946 1079 ut
966 1014 999 1077 in
1015 1025 1147 1099 utroque
1160 1014 1241 1079 vires
1255 1016 1439 1103 centrifugm

156 1114 337 1181 decrescant
357 1118 390 1181 in
411 1118 568 1204 duplicati
590 1120 710 1185 ratione
731 1120 947 1185 distantiarum
968 1142 988 1183 a
1006 1130 1115 1185 centro
1129 1121 1272 1197 vorticis3
1293 1142 1364 1207 qum
1385 1122 1437 1187 lex

155 1222 203 1287 tis
217 1224 611 1314 nuncupabatur,
626 1227 814 1293 aimatmim
827 1226 1113 1291 subtilisvurticem
1126 1228 1439 1295 munanda-

32 1371 35 1376 -
154 1331 229 1394 ritas
249 1344 402 1397 statuatur
422 1345 529 1400 tenere
548 1335 701 1399 rationem
715 1335 908 1419 reciprocum
921 1333 1170 1418 subduplieatam
1183 1334 1401 1401 distantiarum
1414 1360 1435 1401 a

153 1452 261 1504 centro
276 1442 410 1506 vorticis.
457 1443 662 1531 Quaecunque
683 1444 780 1533 igitur
800 1466 934 1529 corpora
954 1445 988 1509 in
1008 1445 1182 1511 istiusmodi
1201 1447 1318 1512 vortice
1331 1448 1435 1531 posita

152 1548 193 1611 ad
215 1550 281 1633 ejus
303 1562 443 1615 centrum
464 1552 619 1637 pellentur
639 1553 670 1616 vi
691 1552 915 1629 acceleratrice,
935 1574 1007 1638 quoe
1019 1552 1136 1636 pariter
1149 1572 1187 1617 ac
1200 1552 1246 1617 ris
1260 1552 1434 1641 cenuifirgn

151 1658 309 1743 quadratis
330 1660 545 1727 distantiarum
560 1660 719 1747 reciproci
737 1674 786 1726 est
806 1660 1056 1747 proportionalis.
1101 1660 1159 1725 Vis
1173 1660 1314 1725 absoluta
1327 1675 1432 1727 antem

151 1766 211 1853 qut
233 1788 346 1853 corpus
368 1768 536 1855 quodpiam
557 1771 590 1833 in
611 1770 682 1835 dati
707 1769 854 1833 datantiti
876 1792 897 1833 a
914 1780 1022 1835 centro
1043 1768 1167 1833 vorticis
1187 1768 1373 1835 collocatrmr
1391 1768 1432 1835 ed
1477 1829 1480 1844 ‚

149 1885 288 1960 urgetur,
304 1874 421 1959 pendet
434 1898 454 1939 a
467 1876 624 1941 celeritate
638 1877 776 1941 maten‘m
790 1875 912 1941 subtilis
925 1874 1077 1941 absoluti.
1110 1875 1161 1939 Ac
1174 1874 1278 1958 primb
1291 1876 1427 1962 quidem,

148 1982 234 2067 quod
256 1984 296 2048 ad
317 1986 466 2051 vorticem
488 1986 571 2051 circa
592 1987 697 2052 Solem
711 1997 849 2051 rutatum
860 1984 979 2062 attinet,
1001 1984 1067 2069 ejus
1080 1982 1128 2047 vis
1141 1982 1283 2047 absoluta
1296 2006 1338 2049 ex
1350 1997 1433 2062 tem·t

146 2111 226 2175 pore
251 2090 361 2157 Terrae
385 2095 545 2180 periodico
570 2118 641 2162 cum
666 2096 811 2161 distantii
836 2095 977 2183 ejusdem
1000 2095 1119 2161 a·Sole
1140 2107 1321 2179 comparato
1342 2106 1433 2165 mata

148 2200 314 2289 colligitur,
337 2214 373 2267 ut
394 2224 517 2289 corpus,
540 2206 627 2290 cnjus
649 2204 795 2269 distantia
808 2226 831 2267 a
841 2215 950 2269 centm
969 2201 1052 2269 Solis
1065 2202 1194 2289 aequalis
1208 2214 1256 2267 est
1269 2202 1433 2275 mnium.

32 2350 42 2365 ·
145 2324 247 2374 metro
269 2312 390 2390 Terra,
416 2312 455 2377 eb
479 2312 661 2379 sollicitetur
685 2316 725 2391 vi,
753 2334 825 2399 quoe
848 2312 889 2377 sit
914 2318 1041 2379 227512
1063 2310 1180 2375 vicibus
1200 2312 1309 2395 major,
1333 2310 1433 2396 quim,

147 2428 194 2480 eet
214 2418 351 2504 gravitas
373 2420 522 2484 naturalis
536 2421 569 2483 in
584 2420 747 2505 superficie
761 2420 899 2484 Terra·
928 2408 1101 2485 Meueinur
1113 2432 1219 2484 autem
1230 2418 1314 2483 banc
1326 2420 1428 2504 ipsam

145 2546 208 2588 vrm
230 2527 403 2591 absolutam
426 2530 573 2616 cujusque
593 2530 729 2606 vorticis,
751 2549 809 2613 per
830 2527 903 2603 vinu
926 2548 1021 2612 quam
1041 2526 1125 2591 idem
1143 2538 1253 2590 vortex
1271 2526 1373 2589 exerit
1392 2526 1427 2591 in

144 2632 289 2700 distantii
301 2658 320 2701 a
331 2658 388 2701 suo
402 2651 510 2702 centro
524 2639 768 2704 semi-diametro
779 2638 891 2703 Terrae
900 2638 1031 2723 aequali:
1046 2660 1087 2703 ex
1097 2637 1196 2723 quusi
1207 2637 1255 2702 vis
1265 2638 1426 2725 gravitatis

144 2746 297 2810 terrestris
318 2746 498 2833 designetur
518 2768 575 2832 per
599 2755 627 2825 1,
652 2748 711 2813 erit
724 2747 770 2809 vis
785 2745 928 2809 absoluta
944 2744 1027 2810 Solis
1053 2768 1085 2805 =
1104 2752 1242 2823 attala,
1264 2747 1352 2831 cujus
1366 2768 1425 2811 nu·

143 2856 222 2918 meri
243 2853 316 2919 loco
337 2855 495 2921 brevitatis
517 2858 616 2945 gradi
637 2871 760 2923 utemur
781 2855 884 2922 litteri
908 2857 941 2920 S.
987 2854 1088 2921 Simili
1106 2855 1203 2919 modo
1221 2856 1284 2919 vira
1298 2858 1425 2921 vorticis

144 2960 268 3024 Lunam
291 2949 443 3049 cingentis
464 2962 637 3027 absolutam
658 2962 864 3027 indicabimus
884 2961 986 3026 litteris
1008 2962 1048 3038 L,
1070 2963 1157 3046 cujus
1171 2962 1308 3027 valorem
1331 2963 1426 3029 Nev-

141 3090 234 3137 tonus
257 3074 341 3137 recte
363 3073 435 3137 crim
457 3096 497 3137 ex
519 3076 588 3159 ipso
608 3076 698 3139 fluxu
719 3096 755 3137 ac
777 3075 903 3138 refluxu·
919 3071 1024 3145 maru,
1043 3067 1110 3132 timi
1125 3068 1220 3131 etium
1236 3090 1425 3152 01me

140 3177 227 3242 sione
252 3180 509 3265 aequinoctiorum
532 3180 727 3245 constituisse
749 3178 872 3241 videtur
891 3174 1012 3239 circiter
1038 3174 1088 3253 ἡ.
1134 3171 1243 3247 Quare
1262 3173 1298 3249 si,
1321 3174 1423 3257 positi

141 3286 251 3350 Terrae
273 3288 518 3353 semi-diametro
545 3314 576 3348 =
600 3296 628 3367 1,
652 3286 790 3372 corporis
812 3283 973 3370 cujusdam
994 3304 1014 3344 a
1034 3291 1144 3345 centro
1159 3278 1243 3342 Solis
1256 3279 1306 3343 vel
1320 3281 1423 3345 Lunoe

105 3447 120 3471 ,
139 3393 285 3459 distantia
298 3396 393 3461 fuerit
406 3420 439 3475 x,
463 3397 522 3461 erit
536 3396 592 3474 vis,
616 3395 676 3482 qui
693 3394 724 3459 id
740 3414 854 3479 corpus
869 3391 918 3455 vel
931 3389 973 3454 ad
989 3388 1094 3455 Solem
1109 3386 1290 3451 sollicitatur
1311 3388 1361 3454 vel
1381 3390 1423 3453 ad

139 3540 272 3621 Lunam,
288 3544 337 3609 vel
358 3568 390 3605 =
411 3506 461 3605 .Ιί-
477 3544 527 3609 vel
546 3570 578 3605 =
601 3508 662 3621 .S-‚
686 3544 731 3608 uti
750 3565 791 3607 ex
813 3541 918 3605 indole
936 3536 1050 3601 borum
1065 3533 1217 3597 vorticum
1232 3554 1333 3617 prona
1346 3557 1423 3599 con·

377 3634 380 3643 ·
409 3630 464 3672 xx
599 3630 653 3673 xx

138 3716 297 3800 sequentia
320 3718 397 3781 fluit.
443 3718 482 3782 In
510 3718 560 3782 his
585 3717 711 3803 quidem
736 3716 908 3779 litterarum
939 3711 964 3775 S
990 3720 1023 3772 et
1050 3706 1081 3771 L
1110 3705 1420 3773 determinationibus

137 3824 339 3887 assumsimus
360 3824 495 3889 mediam
518 3824 599 3891 Solis
621 3848 641 3889 a
662 3824 763 3888 Terra
783 3820 962 3886 dumntiam
983 3822 1090 3881 20620
1105 3812 1420 3880 semi-diametrorum

136 3930 257 4007 Terrm,
281 3952 352 4016 quae
373 3954 413 3996 ex
433 3934 584 4016 parallaxi
606 3932 790 3997 horizontali
815 3931 874 3995 lot'
894 3927 1042 4012 sequitur,
1065 3924 1167 3989 Lunae
1182 3921 1257 3987 verb
1278 3946 1297 3987 a
1317 3924 1420 3989 Terra

134 4036 312 4100 distantiam
327 4036 462 4100 mediam
483 4048 525 4103 60
547 4040 861 4103 semi-diametrorum
875 4030 1150 4108 Terrae3.intarim
1164 4040 1268 4092 tamen
1283 4030 1363 4095 vires
1377 4032 1417 4097 ud

134 4166 221 4209 mare
234 4144 424 4209 movendum
445 4145 519 4210 hinc
533 4160 611 4211 ortae
626 4146 666 4210 ab
681 4146 729 4211 bis
742 4141 969 4232 hypothesibus
983 4160 1048 4204 non
1062 4135 1209 4222 pendent,
1225 4137 1272 4201 uti
1285 4160 1418 4225 sequen·

132 4254 215 4319 tibus
230 4252 358 4339 patebit

176 4370 200 4447 §.
219 4372 270 4430 15.
297 4363 456 4441 Quoniam
481 4366 576 4453 igitur
601 4380 713 4433 tastum
734 4367 830 4431 maris
852 4388 909 4452 per
933 4364 1029 4428 binas
1045 4362 1137 4438 vires,
1162 4382 1294 4447 quarum
1320 4362 1418 4427 altera

134 4473 239 4538 Solem
260 4475 395 4560 respicit,
420 4474 517 4539 alteru
539 4478 673 4554 Lunam,
696 4496 803 4541 sumus
825 4472 1008 4559 exposituri,
1030 4468 1120 4533 facili
1133 4469 1233 4533 videri
1253 4491 1416 4553 possemus

131 4581 262 4646 eandem
283 4584 412 4647 omninb
434 4586 671 4669 explicationem
694 4586 860 4671 suscipere,
882 4604 976 4669 qnam
998 4582 1170 4647 Nevvtoaus
1187 4580 1277 4645 dedit
1297 4581 1331 4644 in
1351 4584 1416 4647 suis

133 4686 300 4772 Principiis
324 4690 554 4759 Mathematicls
578 4692 790 4779 Philosophiae
813 4689 982 4755 Nattrralis.
1026 4685 1169 4753 Primdm
1181 4699 1288 4751 autem
1302 4700 1415 4751 nomn-

748 4798 797 4847 Tu
