<?xml version="1.0" encoding="UTF-8"?>
<!DOCTYPE html PUBLIC "-//W3C//DTD XHTML 1.0 Transitional//EN"
    "http://www.w3.org/TR/xhtml1/DTD/xhtml1-transitional.dtd">
<html xmlns="http://www.w3.org/1999/xhtml" xml:lang="en" lang="en">
 <head>
  <title>
</title>
<meta http-equiv="Content-Type" content="text/html;charset=utf-8" />
  <meta name='ocr-system' content='tesseract 3.04.00' />
  <meta name='ocr-capabilities' content='ocr_page ocr_carea ocr_par ocr_line ocrx_word'/>
</head>
<body>
  <div class='ocr_page' id='page_1' title='image "./philosophinatur01wriggoog_0282.png"; bbox 0 0 3284 5517; ppageno 0'>
   <div class='ocr_carea' id='block_1_1' title="bbox 533 338 1435 409">
    <p class='ocr_par' dir='ltr' id='par_1_1' title="bbox 533 338 1435 409">
     <span class='ocr_line' id='line_1_1' title="bbox 533 338 1435 409; baseline 0.006 -5"><span class='ocrx_word' id='word_1_1' title='bbox 533 338 596 405; x_wconf 83' lang='grc' dir='ltr'><strong>ΕΤ</strong></span> <span class='ocrx_word' id='word_1_2' title='bbox 619 338 874 407; x_wconf 79' lang='lat' dir='ltr'><strong>REFLUXUS</strong></span> <span class='ocrx_word' id='word_1_3' title='bbox 896 340 1056 408; x_wconf 82' lang='lat' dir='ltr'><strong>MARIS.</strong></span> <span class='ocrx_word' id='word_1_4' title='bbox 1373 350 1435 409; x_wconf 73' lang='lat'><strong>239</strong></span> 
     </span>
    </p>
   </div>
   <div class='ocr_carea' id='block_1_2' title="bbox 120 504 1483 1038">
    <p class='ocr_par' dir='ltr' id='par_1_2' title="bbox 120 504 1483 1038">
     <span class='ocr_line' id='line_1_2' title="bbox 120 504 1437 599; baseline 0.007 -29"><span class='ocrx_word' id='word_1_5' title='bbox 120 543 122 547; x_wconf 80' lang='grc'><em>·</em></span> <span class='ocrx_word' id='word_1_6' title='bbox 144 516 232 570; x_wconf 87' lang='lat' dir='ltr'><strong>motu</strong></span> <span class='ocrx_word' id='word_1_7' title='bbox 254 504 357 571; x_wconf 77' lang='lat' dir='ltr'><strong>Lunae</strong></span> <span class='ocrx_word' id='word_1_8' title='bbox 379 504 565 585; x_wconf 87' lang='lat' dir='ltr'><strong>conferatur,</strong></span> <span class='ocrx_word' id='word_1_9' title='bbox 589 530 801 594; x_wconf 84' lang='lat' dir='ltr'><strong>supponamus</strong></span> <span class='ocrx_word' id='word_1_10' title='bbox 822 510 932 573; x_wconf 88' lang='lat' dir='ltr'><strong>orbem</strong></span> <span class='ocrx_word' id='word_1_11' title='bbox 953 510 1096 575; x_wconf 88' lang='lat' dir='ltr'><strong>lunarem</strong></span> <span class='ocrx_word' id='word_1_12' title='bbox 1117 511 1198 599; x_wconf 76' lang='lat' dir='ltr'><strong>aquai</strong></span> <span class='ocrx_word' id='word_1_13' title='bbox 1220 511 1389 598; x_wconf 59' lang='lat' dir='ltr'><strong>compleri</strong></span> <span class='ocrx_word' id='word_1_14' title='bbox 1404 526 1437 580; x_wconf 88' lang='lat' dir='ltr'><strong>et</strong></span> 
     </span>
     <span class='ocr_line' id='line_1_3' title="bbox 145 616 1437 705; baseline 0.005 -26"><span class='ocrx_word' id='word_1_15' title='bbox 145 638 321 702; x_wconf 84' lang='lat' dir='ltr'><strong>quaeramus</strong></span> <span class='ocrx_word' id='word_1_16' title='bbox 337 638 498 680; x_wconf 87' lang='lat' dir='ltr'><strong>ascensum</strong></span> <span class='ocrx_word' id='word_1_17' title='bbox 519 616 611 702; x_wconf 86' lang='lat' dir='ltr'><strong>hujus</strong></span> <span class='ocrx_word' id='word_1_18' title='bbox 627 640 716 703; x_wconf 86' lang='lat' dir='ltr'><strong>aquae</strong></span> <span class='ocrx_word' id='word_1_19' title='bbox 738 638 795 702; x_wconf 91' lang='lat' dir='ltr'><strong>per</strong></span> <span class='ocrx_word' id='word_1_20' title='bbox 819 618 915 703; x_wconf 88' lang='lat' dir='ltr'><strong>Prop.</strong></span> <span class='ocrx_word' id='word_1_21' title='bbox 933 617 991 681; x_wconf 89' lang='lat' dir='ltr'><strong>IV.</strong></span> <span class='ocrx_word' id='word_1_22' title='bbox 1007 631 1039 682; x_wconf 90' lang='lat' dir='ltr'><strong>et</strong></span> <span class='ocrx_word' id='word_1_23' title='bbox 1053 620 1094 683; x_wconf 85' lang='lat' dir='ltr'><strong>V.</strong></span> <span class='ocrx_word' id='word_1_24' title='bbox 1141 621 1179 684; x_wconf 94' lang='lat' dir='ltr'><strong>ln</strong></span> <span class='ocrx_word' id='word_1_25' title='bbox 1198 620 1352 705; x_wconf 61' lang='lat' dir='ltr'><strong>Proan.</strong></span> <span class='ocrx_word' id='word_1_26' title='bbox 1368 634 1437 686; x_wconf 88' lang='lat' dir='ltr'><strong>erat</strong></span> 
     </span>
     <span class='ocr_line' id='line_1_4' title="bbox 145 724 1434 814; baseline 0.003 -27"><span class='ocrx_word' id='word_1_27' title='bbox 145 724 334 811; x_wconf 85' lang='lat' dir='ltr'><strong>visvadg,</strong></span> <span class='ocrx_word' id='word_1_28' title='bbox 358 725 485 789; x_wconf 88' lang='lat' dir='ltr'><strong>utlad</strong></span> <span class='ocrx_word' id='word_1_29' title='bbox 509 724 1434 814; x_wconf 73' lang='lat' dir='ltr'><strong>178,725;quareiahoccasuforetxzdz:15v:8g</strong></span> 
     </span>
     <span class='ocr_line' id='line_1_5' title="bbox 144 823 1432 921; baseline 0.002 -24"><span class='ocrx_word' id='word_1_30' title='bbox 144 833 285 916; x_wconf 61' lang='lat'>-57151</span> <span class='ocrx_word' id='word_1_31' title='bbox 309 846 335 899; x_wconf 88' lang='grc'><strong>&gt;&lt;</strong></span> <span class='ocrx_word' id='word_1_32' title='bbox 358 856 378 897; x_wconf 89' lang='grc'><strong>1</strong></span> <span class='ocrx_word' id='word_1_33' title='bbox 392 856 418 896; x_wconf 80' lang='lat'><strong>2:</strong></span> <span class='ocrx_word' id='word_1_34' title='bbox 438 842 451 897; x_wconf 95' lang='lat' dir='ltr'><strong>l</strong></span> <span class='ocrx_word' id='word_1_35' title='bbox 471 858 478 897; x_wconf 88' lang='lat'>:</span> <span class='ocrx_word' id='word_1_36' title='bbox 496 842 631 911; x_wconf 76' lang='lat'><strong>91‚496:</strong></span> <span class='ocrx_word' id='word_1_37' title='bbox 649 832 789 919; x_wconf 77' lang='lat' dir='ltr'><strong>adedque</strong></span> <span class='ocrx_word' id='word_1_38' title='bbox 803 823 963 898; x_wconf 74' lang='lat' dir='ltr'><strong>semi-anis</strong></span> <span class='ocrx_word' id='word_1_39' title='bbox 978 834 1090 921; x_wconf 76' lang='lat' dir='ltr'><strong>figurae</strong></span> <span class='ocrx_word' id='word_1_40' title='bbox 1105 836 1145 898; x_wconf 88' lang='lat' dir='ltr'><strong>ad</strong></span> <span class='ocrx_word' id='word_1_41' title='bbox 1160 837 1345 899; x_wconf 82' lang='lat' dir='ltr'><strong>semi-axem</strong></span> <span class='ocrx_word' id='word_1_42' title='bbox 1356 860 1432 899; x_wconf 91' lang='lat' dir='ltr'><strong>con-</strong></span> 
     </span>
     <span class='ocr_line' id='line_1_6' title="bbox 139 938 1483 1038; baseline 0.004 -33"><span class='ocrx_word' id='word_1_43' title='bbox 139 938 284 1028; x_wconf 87' lang='lat' dir='ltr'><strong>jugatum</strong></span> <span class='ocrx_word' id='word_1_44' title='bbox 300 941 362 1027; x_wconf 90' lang='lat' dir='ltr'><strong>(vel</strong></span> <span class='ocrx_word' id='word_1_45' title='bbox 377 942 399 1005; x_wconf 93' lang='lat' dir='ltr'><strong>d</strong></span> <span class='ocrx_word' id='word_1_46' title='bbox 418 952 451 1017; x_wconf 80' lang='lat'>÷</span> <span class='ocrx_word' id='word_1_47' title='bbox 470 942 643 1008; x_wconf 77' lang='grc'><strong>11111111-</strong></span> <span class='ocrx_word' id='word_1_48' title='bbox 657 943 692 1023; x_wconf 81' lang='lat' dir='ltr'><strong>x)</strong></span> <span class='ocrx_word' id='word_1_49' title='bbox 710 954 745 1007; x_wconf 91' lang='lat' dir='ltr'><strong>ut</strong></span> <span class='ocrx_word' id='word_1_50' title='bbox 760 950 878 1020; x_wconf 74' lang='lat'><strong>46,248</strong></span> <span class='ocrx_word' id='word_1_51' title='bbox 902 942 942 1007; x_wconf 87' lang='lat' dir='ltr'><strong>ad</strong></span> <span class='ocrx_word' id='word_1_52' title='bbox 964 952 1081 1038; x_wconf 58' lang='grc'><strong>15318</strong></span> <span class='ocrx_word' id='word_1_53' title='bbox 1091 968 1101 1020; x_wconf 84' lang='grc'><strong>;</strong></span> <span class='ocrx_word' id='word_1_54' title='bbox 1124 967 1194 1029; x_wconf 86' lang='lat' dir='ltr'><strong>quae</strong></span> <span class='ocrx_word' id='word_1_55' title='bbox 1209 944 1273 1009; x_wconf 74' lang='lat' dir='ltr'><strong>fere</strong></span> <span class='ocrx_word' id='word_1_56' title='bbox 1288 948 1436 1033; x_wconf 91' lang='lat' dir='ltr'><strong>congruit</strong></span> <span class='ocrx_word' id='word_1_57' title='bbox 1481 959 1483 966; x_wconf 82' lang='lat'>&#39;</span> 
     </span>
    </p>
   </div>
   <div class='ocr_carea' id='block_1_3' title="bbox 145 1032 1557 1139">
    <p class='ocr_par' dir='ltr' id='par_1_3' title="bbox 145 1032 1557 1139">
     <span class='ocr_line' id='line_1_7' title="bbox 145 1032 1557 1139; baseline 0.004 -26"><span class='ocrx_word' id='word_1_58' title='bbox 145 1070 217 1113; x_wconf 84' lang='lat' dir='ltr'><strong>cum</strong></span> <span class='ocrx_word' id='word_1_59' title='bbox 232 1049 351 1113; x_wconf 87' lang='lat' dir='ltr'><strong>ratione</strong></span> <span class='ocrx_word' id='word_1_60' title='bbox 365 1048 582 1114; x_wconf 74' lang='lat' dir='ltr'><strong>distantiarum</strong></span> <span class='ocrx_word' id='word_1_61' title='bbox 598 1050 699 1114; x_wconf 81' lang='lat' dir='ltr'><strong>Lunae</strong></span> <span class='ocrx_word' id='word_1_62' title='bbox 713 1050 747 1113; x_wconf 94' lang='lat' dir='ltr'><strong>in</strong></span> <span class='ocrx_word' id='word_1_63' title='bbox 762 1032 958 1137; x_wconf 83' lang='lat' dir='ltr'><strong>quadraturis</strong></span> <span class='ocrx_word' id='word_1_64' title='bbox 973 1063 1005 1115; x_wconf 89' lang='lat' dir='ltr'><strong>et</strong></span> <span class='ocrx_word' id='word_1_65' title='bbox 1018 1051 1151 1138; x_wconf 77' lang='lat' dir='ltr'><strong>syzygiis</strong></span> <span class='ocrx_word' id='word_1_66' title='bbox 1166 1074 1261 1137; x_wconf 90' lang='lat' dir='ltr'><strong>quam</strong></span> <span class='ocrx_word' id='word_1_67' title='bbox 1277 1052 1433 1139; x_wconf 82' lang='lat' dir='ltr'><strong>Halleyus</strong></span> <span class='ocrx_word' id='word_1_68' title='bbox 1550 1086 1557 1092; x_wconf 96' lang='lat'><em>·</em></span> 
     </span>
    </p>
   </div>
   <div class='ocr_carea' id='block_1_4' title="bbox 145 1154 1436 1249">
    <p class='ocr_par' dir='ltr' id='par_1_4' title="bbox 145 1154 1436 1249">
     <span class='ocr_line' id='line_1_8' title="bbox 145 1154 1436 1249; baseline 0.003 -28"><span class='ocrx_word' id='word_1_69' title='bbox 145 1178 186 1221; x_wconf 82' lang='lat' dir='ltr'><strong>ex</strong></span> <span class='ocrx_word' id='word_1_70' title='bbox 208 1156 476 1221; x_wconf 88' lang='lat' dir='ltr'><strong>observationibus</strong></span> <span class='ocrx_word' id='word_1_71' title='bbox 499 1156 645 1235; x_wconf 87' lang='lat' dir='ltr'><strong>deducit;</strong></span> <span class='ocrx_word' id='word_1_72' title='bbox 666 1154 745 1223; x_wconf 79' lang='lat' dir='ltr'><strong>oded</strong></span> <span class='ocrx_word' id='word_1_73' title='bbox 763 1170 802 1249; x_wconf 81' lang='lat' dir='ltr'><strong>ut</strong></span> <span class='ocrx_word' id='word_1_74' title='bbox 816 1158 920 1245; x_wconf 85' lang='lat' dir='ltr'><strong>figura</strong></span> <span class='ocrx_word' id='word_1_75' title='bbox 933 1154 1045 1222; x_wconf 77' lang='lat' dir='ltr'><strong>cibitae</strong></span> <span class='ocrx_word' id='word_1_76' title='bbox 1065 1158 1184 1223; x_wconf 89' lang='lat' dir='ltr'><strong>lunaris</strong></span> <span class='ocrx_word' id='word_1_77' title='bbox 1198 1158 1372 1242; x_wconf 69' lang='grc'><strong>1111111111</strong></span> <span class='ocrx_word' id='word_1_78' title='bbox 1386 1160 1436 1225; x_wconf 93' lang='lat' dir='ltr'><strong>di·</strong></span> 
     </span>
    </p>
   </div>
   <div class='ocr_carea' id='block_1_5' title="bbox 41 1262 1510 1353">
    <p class='ocr_par' dir='ltr' id='par_1_5' title="bbox 41 1262 1510 1353">
     <span class='ocr_line' id='line_1_9' title="bbox 41 1262 1510 1353; baseline 0.003 -26"><span class='ocrx_word' id='word_1_79' title='bbox 41 1340 44 1345; x_wconf 20' lang='lat'><em>¹</em></span> <span class='ocrx_word' id='word_1_80' title='bbox 143 1285 234 1327; x_wconf 84' lang='lat' dir='ltr'><strong>versa</strong></span> <span class='ocrx_word' id='word_1_81' title='bbox 254 1263 296 1327; x_wconf 90' lang='lat' dir='ltr'><strong>sit</strong></span> <span class='ocrx_word' id='word_1_82' title='bbox 316 1263 357 1327; x_wconf 90' lang='lat' dir='ltr'><strong>ab</strong></span> <span class='ocrx_word' id='word_1_83' title='bbox 378 1262 415 1327; x_wconf 78' lang='lat' dir='ltr'><strong>eri</strong></span> <span class='ocrx_word' id='word_1_84' title='bbox 437 1285 532 1349; x_wconf 90' lang='lat' dir='ltr'><strong>quam</strong></span> <span class='ocrx_word' id='word_1_85' title='bbox 552 1263 665 1349; x_wconf 84' lang='lat' dir='ltr'><strong>globus</strong></span> <span class='ocrx_word' id='word_1_86' title='bbox 680 1285 797 1353; x_wconf 85' lang='lat' dir='ltr'><strong>aqueus</strong></span> <span class='ocrx_word' id='word_1_87' title='bbox 812 1264 974 1349; x_wconf 72' lang='lat' dir='ltr'><strong>quiescens</strong></span> <span class='ocrx_word' id='word_1_88' title='bbox 998 1263 1099 1328; x_wconf 84' lang='lat' dir='ltr'><strong>Lunoe</strong></span> <span class='ocrx_word' id='word_1_89' title='bbox 1121 1263 1255 1327; x_wconf 82' lang='lat' dir='ltr'><strong>orbitam</strong></span> <span class='ocrx_word' id='word_1_90' title='bbox 1271 1265 1431 1348; x_wconf 86' lang='lat' dir='ltr'><strong>complens</strong></span> <span class='ocrx_word' id='word_1_91' title='bbox 1505 1342 1510 1351; x_wconf 30' lang='grc' dir='ltr'>Ι</span> 
     </span>
    </p>
   </div>
   <div class='ocr_carea' id='block_1_6' title="bbox 143 1357 1439 1995">
    <p class='ocr_par' dir='ltr' id='par_1_6' title="bbox 143 1357 1439 1995">
     <span class='ocr_line' id='line_1_10' title="bbox 145 1357 1435 1457; baseline 0.002 -23"><span class='ocrx_word' id='word_1_92' title='bbox 145 1392 186 1434; x_wconf 86' lang='lat' dir='ltr'><strong>ex</strong></span> <span class='ocrx_word' id='word_1_93' title='bbox 201 1370 231 1433; x_wconf 88' lang='grc'><strong>11</strong></span> <span class='ocrx_word' id='word_1_94' title='bbox 249 1369 331 1434; x_wconf 90' lang='lat' dir='ltr'><strong>Solis</strong></span> <span class='ocrx_word' id='word_1_95' title='bbox 346 1368 506 1445; x_wconf 65' lang='lat' dir='ltr'><strong>induerem</strong></span> <span class='ocrx_word' id='word_1_96' title='bbox 528 1368 632 1434; x_wconf 86' lang='lat' dir='ltr'><strong>forent</strong></span> <span class='ocrx_word' id='word_1_97' title='bbox 646 1381 750 1434; x_wconf 88' lang='lat' dir='ltr'><strong>tamen</strong></span> <span class='ocrx_word' id='word_1_98' title='bbox 771 1357 926 1455; x_wconf 75' lang='lat' dir='ltr'><strong>positione</strong></span> <span class='ocrx_word' id='word_1_99' title='bbox 940 1371 1081 1448; x_wconf 74' lang='lat' dir='ltr'><strong>diversae,</strong></span> <span class='ocrx_word' id='word_1_100' title='bbox 1098 1370 1252 1457; x_wconf 85' lang='lat' dir='ltr'><strong>siquidem</strong></span> <span class='ocrx_word' id='word_1_101' title='bbox 1266 1371 1349 1435; x_wconf 86' lang='lat' dir='ltr'><strong>illius</strong></span> <span class='ocrx_word' id='word_1_102' title='bbox 1364 1375 1435 1437; x_wconf 85' lang='lat' dir='ltr'><strong>axis</strong></span> 
     </span>
     <span class='ocr_line' id='line_1_11' title="bbox 143 1478 1432 1569; baseline 0.003 -26"><span class='ocrx_word' id='word_1_103' title='bbox 143 1480 247 1543; x_wconf 89' lang='lat' dir='ltr'><strong>minor</strong></span> <span class='ocrx_word' id='word_1_104' title='bbox 264 1478 369 1544; x_wconf 84' lang='lat' dir='ltr'><strong>Solem</strong></span> <span class='ocrx_word' id='word_1_105' title='bbox 383 1480 537 1564; x_wconf 73' lang='lat' dir='ltr'><strong>respiciat,</strong></span> <span class='ocrx_word' id='word_1_106' title='bbox 552 1478 645 1566; x_wconf 87' lang='lat' dir='ltr'><strong>hujus</strong></span> <span class='ocrx_word' id='word_1_107' title='bbox 660 1482 726 1544; x_wconf 88' lang='lat' dir='ltr'><strong>axis</strong></span> <span class='ocrx_word' id='word_1_108' title='bbox 742 1482 841 1567; x_wconf 86' lang='lat' dir='ltr'><strong>major</strong></span> <span class='ocrx_word' id='word_1_109' title='bbox 855 1479 962 1545; x_wconf 82' lang='lat' dir='ltr'><strong>vereris</strong></span> <span class='ocrx_word' id='word_1_110' title='bbox 979 1481 1083 1547; x_wconf 89' lang='lat' dir='ltr'><strong>Solem</strong></span> <span class='ocrx_word' id='word_1_111' title='bbox 1099 1480 1296 1569; x_wconf 81' lang='lat' dir='ltr'><strong>dirigeretur.</strong></span> <span class='ocrx_word' id='word_1_112' title='bbox 1336 1484 1432 1548; x_wconf 86' lang='lat' dir='ltr'><strong>Ratio</strong></span> 
     </span>
     <span class='ocr_line' id='line_1_12' title="bbox 143 1585 1432 1687; baseline 0.004 -38"><span class='ocrx_word' id='word_1_113' title='bbox 143 1586 266 1649; x_wconf 91' lang='lat' dir='ltr'><strong>numeri</strong></span> <span class='ocrx_word' id='word_1_114' title='bbox 281 1594 321 1651; x_wconf 86' lang='lat'><strong>59</strong></span> <span class='ocrx_word' id='word_1_115' title='bbox 337 1585 378 1650; x_wconf 90' lang='lat' dir='ltr'><strong>ad</strong></span> <span class='ocrx_word' id='word_1_116' title='bbox 394 1595 436 1651; x_wconf 88' lang='lat'><strong>60</strong></span> <span class='ocrx_word' id='word_1_117' title='bbox 453 1590 598 1673; x_wconf 89' lang='lat' dir='ltr'><strong>(quarum</strong></span> <span class='ocrx_word' id='word_1_118' title='bbox 614 1586 880 1651; x_wconf 82' lang='lat' dir='ltr'><strong>semi-differentia</strong></span> <span class='ocrx_word' id='word_1_119' title='bbox 893 1599 942 1651; x_wconf 94' lang='lat' dir='ltr'><strong>est</strong></span> <span class='ocrx_word' id='word_1_120' title='bbox 955 1587 995 1687; x_wconf 77' lang='lat' dir='ltr'><strong>ad</strong></span> <span class='ocrx_word' id='word_1_121' title='bbox 1010 1588 1256 1652; x_wconf 88' lang='lat' dir='ltr'><strong>semi-summam</strong></span> <span class='ocrx_word' id='word_1_122' title='bbox 1271 1600 1306 1653; x_wconf 92' lang='lat' dir='ltr'><strong>ut</strong></span> <span class='ocrx_word' id='word_1_123' title='bbox 1321 1598 1340 1654; x_wconf 80' lang='lat'><strong>8</strong></span> <span class='ocrx_word' id='word_1_124' title='bbox 1356 1612 1377 1653; x_wconf 92' lang='grc'><strong>1</strong></span> <span class='ocrx_word' id='word_1_125' title='bbox 1390 1590 1432 1654; x_wconf 87' lang='lat' dir='ltr'><strong>ad</strong></span> 
     </span>
     <span class='ocr_line' id='line_1_13' title="bbox 143 1692 1439 1787; baseline 0.005 -7"><span class='ocrx_word' id='word_1_126' title='bbox 143 1692 1439 1787; x_wconf 45' lang='grc' dir='ltr'><strong>1111111111111111δὲ1111111111111111111ἐ”ιὶ-11111111111·1111111</strong></span> 
     </span>
     <span class='ocr_line' id='line_1_14' title="bbox 147 1801 1435 1889; baseline 0.005 -24"><span class='ocrx_word' id='word_1_127' title='bbox 147 1825 230 1888; x_wconf 90' lang='lat' dir='ltr'><strong>aqua</strong></span> <span class='ocrx_word' id='word_1_128' title='bbox 244 1824 285 1865; x_wconf 88' lang='lat' dir='ltr'><strong>ex</strong></span> <span class='ocrx_word' id='word_1_129' title='bbox 299 1802 329 1864; x_wconf 87' lang='grc'><strong>11</strong></span> <span class='ocrx_word' id='word_1_130' title='bbox 346 1802 428 1867; x_wconf 90' lang='lat' dir='ltr'><strong>Solis</strong></span> <span class='ocrx_word' id='word_1_131' title='bbox 443 1801 595 1879; x_wconf 85' lang='lat' dir='ltr'><strong>indueret,</strong></span> <span class='ocrx_word' id='word_1_132' title='bbox 612 1802 638 1865; x_wconf 88' lang='lat' dir='ltr'><strong>si</strong></span> <span class='ocrx_word' id='word_1_133' title='bbox 654 1801 699 1865; x_wconf 90' lang='lat' dir='ltr'><strong>vis</strong></span> <span class='ocrx_word' id='word_1_134' title='bbox 721 1804 880 1887; x_wconf 87' lang='lat' dir='ltr'><strong>gravitatis</strong></span> <span class='ocrx_word' id='word_1_135' title='bbox 895 1803 1004 1866; x_wconf 88' lang='lat' dir='ltr'><strong>eadem</strong></span> <span class='ocrx_word' id='word_1_136' title='bbox 1018 1816 1100 1869; x_wconf 87' lang='lat' dir='ltr'><strong>esset</strong></span> <span class='ocrx_word' id='word_1_137' title='bbox 1112 1826 1170 1889; x_wconf 91' lang='lat' dir='ltr'><strong>per</strong></span> <span class='ocrx_word' id='word_1_138' title='bbox 1184 1817 1284 1869; x_wconf 83' lang='lat' dir='ltr'><strong>totam</strong></span> <span class='ocrx_word' id='word_1_139' title='bbox 1299 1806 1435 1871; x_wconf 90' lang='lat' dir='ltr'><strong>circum·</strong></span> 
     </span>
     <span class='ocr_line' id='line_1_15' title="bbox 144 1908 1432 1995; baseline 0.003 -22"><span class='ocrx_word' id='word_1_140' title='bbox 144 1908 305 1973; x_wconf 82' lang='lat' dir='ltr'><strong>ferentium</strong></span> <span class='ocrx_word' id='word_1_141' title='bbox 322 1909 462 1985; x_wconf 86' lang='lat' dir='ltr'><strong>ABab‚</strong></span> <span class='ocrx_word' id='word_1_142' title='bbox 480 1922 515 1972; x_wconf 89' lang='lat' dir='ltr'><strong>ut</strong></span> <span class='ocrx_word' id='word_1_143' title='bbox 529 1908 721 1973; x_wconf 86' lang='lat' dir='ltr'><strong>ostendimus</strong></span> <span class='ocrx_word' id='word_1_144' title='bbox 736 1910 768 1973; x_wconf 85' lang='lat' dir='ltr'><strong>in</strong></span> <span class='ocrx_word' id='word_1_145' title='bbox 786 1909 891 1975; x_wconf 87' lang='lat' dir='ltr'><strong>Schol.</strong></span> <span class='ocrx_word' id='word_1_146' title='bbox 909 1919 937 1974; x_wconf 89' lang='lat' dir='ltr'><strong>l.</strong></span> <span class='ocrx_word' id='word_1_147' title='bbox 956 1910 1051 1995; x_wconf 88' lang='lat' dir='ltr'><strong>Prop.</strong></span> <span class='ocrx_word' id='word_1_148' title='bbox 1067 1910 1108 1975; x_wconf 89' lang='lat' dir='ltr'><strong>V.</strong></span> <span class='ocrx_word' id='word_1_149' title='bbox 1153 1912 1312 1977; x_wconf 84' lang='lat' dir='ltr'><strong>Ascensus</strong></span> <span class='ocrx_word' id='word_1_150' title='bbox 1326 1928 1432 1980; x_wconf 87' lang='lat' dir='ltr'><strong>autem</strong></span> 
     </span>
    </p>
   </div>
   <div class='ocr_carea' id='block_1_7' title="bbox 34 2005 1431 2108">
    <p class='ocr_par' dir='ltr' id='par_1_7' title="bbox 34 2005 1431 2108">
     <span class='ocr_line' id='line_1_16' title="bbox 34 2005 1431 2108; baseline 0.001 -23"><span class='ocrx_word' id='word_1_151' title='bbox 34 2100 41 2108; x_wconf 27' lang='lat'>⁸</span> <span class='ocrx_word' id='word_1_152' title='bbox 144 2044 234 2106; x_wconf 86' lang='lat' dir='ltr'><strong>aquae</strong></span> <span class='ocrx_word' id='word_1_153' title='bbox 252 2005 346 2105; x_wconf 84' lang='lat' dir='ltr'><strong>Prop.</strong></span> <span class='ocrx_word' id='word_1_154' title='bbox 364 2021 403 2085; x_wconf 94' lang='lat' dir='ltr'><strong>V.</strong></span> <span class='ocrx_word' id='word_1_155' title='bbox 420 2020 565 2084; x_wconf 86' lang='lat' dir='ltr'><strong>definitus</strong></span> <span class='ocrx_word' id='word_1_156' title='bbox 581 2021 725 2105; x_wconf 87' lang='lat' dir='ltr'><strong>congruit</strong></span> <span class='ocrx_word' id='word_1_157' title='bbox 739 2040 809 2084; x_wconf 91' lang='lat' dir='ltr'><strong>cum</strong></span> <span class='ocrx_word' id='word_1_158' title='bbox 832 2020 869 2084; x_wconf 79' lang='lat' dir='ltr'><strong>eal</strong></span> <span class='ocrx_word' id='word_1_159' title='bbox 892 2044 985 2105; x_wconf 85' lang='lat' dir='ltr'><strong>quam</strong></span> <span class='ocrx_word' id='word_1_160' title='bbox 1001 2043 1042 2084; x_wconf 85' lang='lat' dir='ltr'><strong>ex</strong></span> <span class='ocrx_word' id='word_1_161' title='bbox 1056 2021 1327 2087; x_wconf 86' lang='lat' dir='ltr'><strong>observationibus</strong></span> <span class='ocrx_word' id='word_1_162' title='bbox 1342 2026 1431 2087; x_wconf 90' lang='lat' dir='ltr'><strong>colli-</strong></span> 
     </span>
    </p>
   </div>
   <div class='ocr_carea' id='block_1_8' title="bbox 144 2125 1437 2748">
    <p class='ocr_par' dir='ltr' id='par_1_8' title="bbox 144 2125 1437 2748">
     <span class='ocr_line' id='line_1_17' title="bbox 144 2125 1437 2214; baseline 0.004 -25"><span class='ocrx_word' id='word_1_163' title='bbox 144 2129 192 2214; x_wconf 87' lang='lat' dir='ltr'><strong>git</strong></span> <span class='ocrx_word' id='word_1_164' title='bbox 223 2126 397 2211; x_wconf 81' lang='lat' dir='ltr'><strong>Halleyus3</strong></span> <span class='ocrx_word' id='word_1_165' title='bbox 435 2126 519 2190; x_wconf 87' lang='lat' dir='ltr'><strong>unde</strong></span> <span class='ocrx_word' id='word_1_166' title='bbox 548 2127 697 2212; x_wconf 91' lang='lat' dir='ltr'><strong>suspicari</strong></span> <span class='ocrx_word' id='word_1_167' title='bbox 731 2126 803 2189; x_wconf 83' lang='lat' dir='ltr'><strong>licet</strong></span> <span class='ocrx_word' id='word_1_168' title='bbox 831 2125 1038 2190; x_wconf 82' lang='lat' dir='ltr'><strong>differentiam</strong></span> <span class='ocrx_word' id='word_1_169' title='bbox 1066 2126 1291 2193; x_wconf 77' lang='lat' dir='ltr'><strong>diametrorum</strong></span> <span class='ocrx_word' id='word_1_170' title='bbox 1322 2130 1437 2194; x_wconf 84' lang='lat' dir='ltr'><strong>orbitae</strong></span> 
     </span>
     <span class='ocr_line' id='line_1_18' title="bbox 144 2226 1433 2323; baseline 0.003 -27"><span class='ocrx_word' id='word_1_171' title='bbox 144 2233 262 2296; x_wconf 88' lang='lat' dir='ltr'><strong>lunaris</strong></span> <span class='ocrx_word' id='word_1_172' title='bbox 283 2232 379 2316; x_wconf 75' lang='lat' dir='ltr'><strong>paulo</strong></span> <span class='ocrx_word' id='word_1_173' title='bbox 400 2232 468 2295; x_wconf 88' lang='lat' dir='ltr'><strong>fieri</strong></span> <span class='ocrx_word' id='word_1_174' title='bbox 490 2226 640 2316; x_wconf 87' lang='lat' dir='ltr'><strong>majorem</strong></span> <span class='ocrx_word' id='word_1_175' title='bbox 661 2252 701 2323; x_wconf 72' lang='lat' dir='ltr'><strong>ex</strong></span> <span class='ocrx_word' id='word_1_176' title='bbox 722 2230 922 2295; x_wconf 83' lang='lat' dir='ltr'><strong>decremento</strong></span> <span class='ocrx_word' id='word_1_177' title='bbox 943 2232 1103 2318; x_wconf 75' lang='lat' dir='ltr'><strong>gravitatis</strong></span> <span class='ocrx_word' id='word_1_178' title='bbox 1125 2233 1228 2298; x_wconf 80' lang='lat' dir='ltr'><strong>Lunoe</strong></span> <span class='ocrx_word' id='word_1_179' title='bbox 1247 2235 1281 2295; x_wconf 89' lang='lat' dir='ltr'><strong>in</strong></span> <span class='ocrx_word' id='word_1_180' title='bbox 1297 2234 1433 2300; x_wconf 86' lang='lat' dir='ltr'><strong>Terram</strong></span> 
     </span>
     <span class='ocr_line' id='line_1_19' title="bbox 145 2337 1432 2427; baseline 0.003 -24"><span class='ocrx_word' id='word_1_181' title='bbox 145 2340 222 2403; x_wconf 91' lang='lat' dir='ltr'><strong>dum</strong></span> <span class='ocrx_word' id='word_1_182' title='bbox 244 2341 353 2403; x_wconf 88' lang='lat' dir='ltr'><strong>transit</strong></span> <span class='ocrx_word' id='word_1_183' title='bbox 375 2362 393 2403; x_wconf 87' lang='lat' dir='ltr'><strong>a</strong></span> <span class='ocrx_word' id='word_1_184' title='bbox 415 2340 547 2427; x_wconf 76' lang='lat' dir='ltr'><strong>syzygiis</strong></span> <span class='ocrx_word' id='word_1_185' title='bbox 570 2338 610 2401; x_wconf 84' lang='lat' dir='ltr'><strong>ad</strong></span> <span class='ocrx_word' id='word_1_186' title='bbox 632 2337 845 2425; x_wconf 74' lang='lat' dir='ltr'><strong>quadraturas,</strong></span> <span class='ocrx_word' id='word_1_187' title='bbox 871 2338 964 2401; x_wconf 87' lang='lat' dir='ltr'><strong>simili</strong></span> <span class='ocrx_word' id='word_1_188' title='bbox 982 2338 1047 2401; x_wconf 70' lang='lat' dir='ltr'><strong>fere</strong></span> <span class='ocrx_word' id='word_1_189' title='bbox 1068 2340 1187 2403; x_wconf 90' lang='lat' dir='ltr'><strong>ratione</strong></span> <span class='ocrx_word' id='word_1_190' title='bbox 1202 2344 1263 2425; x_wconf 77' lang='lat' dir='ltr'><strong>quai</strong></span> <span class='ocrx_word' id='word_1_191' title='bbox 1286 2364 1432 2407; x_wconf 85' lang='lat' dir='ltr'><strong>ascensus</strong></span> 
     </span>
     <span class='ocr_line' id='line_1_20' title="bbox 146 2447 1434 2534; baseline 0 -23"><span class='ocrx_word' id='word_1_192' title='bbox 146 2470 235 2534; x_wconf 85' lang='lat' dir='ltr'><strong>aquae</strong></span> <span class='ocrx_word' id='word_1_193' title='bbox 249 2448 366 2532; x_wconf 90' lang='lat' dir='ltr'><strong>prodiit</strong></span> <span class='ocrx_word' id='word_1_194' title='bbox 379 2449 412 2511; x_wconf 91' lang='lat' dir='ltr'><strong>in</strong></span> <span class='ocrx_word' id='word_1_195' title='bbox 426 2448 485 2512; x_wconf 74' lang='lat' dir='ltr'><strong>haic</strong></span> <span class='ocrx_word' id='word_1_196' title='bbox 501 2447 718 2532; x_wconf 87' lang='lat' dir='ltr'><strong>Propositione</strong></span> <span class='ocrx_word' id='word_1_197' title='bbox 732 2447 832 2531; x_wconf 90' lang='lat' dir='ltr'><strong>major</strong></span> <span class='ocrx_word' id='word_1_198' title='bbox 852 2458 982 2530; x_wconf 86' lang='lat' dir='ltr'><strong>propter</strong></span> <span class='ocrx_word' id='word_1_199' title='bbox 995 2466 1156 2512; x_wconf 82' lang='lat' dir='ltr'><strong>excessum</strong></span> <span class='ocrx_word' id='word_1_200' title='bbox 1170 2448 1330 2532; x_wconf 85' lang='lat' dir='ltr'><strong>gravitatis</strong></span> <span class='ocrx_word' id='word_1_201' title='bbox 1344 2470 1434 2534; x_wconf 84' lang='lat' dir='ltr'><strong>aquae</strong></span> 
     </span>
     <span class='ocr_line' id='line_1_21' title="bbox 145 2542 1429 2639; baseline 0.002 -22"><span class='ocrx_word' id='word_1_202' title='bbox 145 2556 178 2618; x_wconf 93' lang='lat' dir='ltr'><strong>in</strong></span> <span class='ocrx_word' id='word_1_203' title='bbox 202 2552 335 2617; x_wconf 83' lang='lat' dir='ltr'><strong>Terram</strong></span> <span class='ocrx_word' id='word_1_204' title='bbox 356 2556 389 2617; x_wconf 94' lang='lat' dir='ltr'><strong>in</strong></span> <span class='ocrx_word' id='word_1_205' title='bbox 411 2555 480 2619; x_wconf 88' lang='lat' dir='ltr'><strong>loco</strong></span> <span class='ocrx_word' id='word_1_206' title='bbox 498 2554 525 2617; x_wconf 91' lang='lat' dir='ltr'><strong>B</strong></span> <span class='ocrx_word' id='word_1_207' title='bbox 541 2575 635 2638; x_wconf 90' lang='lat' dir='ltr'><strong>supra</strong></span> <span class='ocrx_word' id='word_1_208' title='bbox 655 2553 753 2637; x_wconf 89' lang='lat' dir='ltr'><strong>ipsius</strong></span> <span class='ocrx_word' id='word_1_209' title='bbox 767 2552 951 2639; x_wconf 84' lang='lat' dir='ltr'><strong>gravitatem</strong></span> <span class='ocrx_word' id='word_1_210' title='bbox 964 2552 997 2614; x_wconf 92' lang='lat' dir='ltr'><strong>in</strong></span> <span class='ocrx_word' id='word_1_211' title='bbox 1012 2552 1082 2615; x_wconf 92' lang='lat' dir='ltr'><strong>loco</strong></span> <span class='ocrx_word' id='word_1_212' title='bbox 1092 2542 1129 2615; x_wconf 81' lang='lat' dir='ltr'><strong>‘A</strong></span> <span class='ocrx_word' id='word_1_213' title='bbox 1144 2552 1272 2637; x_wconf 87' lang='lat' dir='ltr'><strong>aliisque</strong></span> <span class='ocrx_word' id='word_1_214' title='bbox 1287 2577 1306 2616; x_wconf 93' lang='lat' dir='ltr'><strong>a</strong></span> <span class='ocrx_word' id='word_1_215' title='bbox 1319 2568 1429 2619; x_wconf 89' lang='lat' dir='ltr'><strong>centro</strong></span> 
     </span>
     <span class='ocr_line' id='line_1_22' title="bbox 146 2658 1432 2748; baseline 0 -21"><span class='ocrx_word' id='word_1_216' title='bbox 146 2664 309 2729; x_wconf 84' lang='lat' dir='ltr'><strong>distantiis.</strong></span> <span class='ocrx_word' id='word_1_217' title='bbox 354 2662 472 2728; x_wconf 76' lang='lat' dir='ltr'><strong>Verum</strong></span> <span class='ocrx_word' id='word_1_218' title='bbox 496 2662 650 2748; x_wconf 92' lang='lat' dir='ltr'><strong>quidquid</strong></span> <span class='ocrx_word' id='word_1_219' title='bbox 670 2663 696 2725; x_wconf 85' lang='lat' dir='ltr'><strong>si</strong></span> <span class='ocrx_word' id='word_1_220' title='bbox 712 2660 918 2747; x_wconf 86' lang='lat' dir='ltr'><strong>judicandum</strong></span> <span class='ocrx_word' id='word_1_221' title='bbox 938 2658 978 2724; x_wconf 91' lang='lat' dir='ltr'><strong>de</strong></span> <span class='ocrx_word' id='word_1_222' title='bbox 1002 2662 1121 2725; x_wconf 88' lang='lat' dir='ltr'><strong>ratione</strong></span> <span class='ocrx_word' id='word_1_223' title='bbox 1136 2659 1360 2727; x_wconf 85' lang='lat' dir='ltr'><strong>diametrorum</strong></span> <span class='ocrx_word' id='word_1_224' title='bbox 1379 2685 1432 2727; x_wconf 89' lang='lat' dir='ltr'><strong>or·</strong></span> 
     </span>
    </p>
   </div>
   <div class='ocr_carea' id='block_1_9' title="bbox 145 2772 1433 2970">
    <p class='ocr_par' dir='ltr' id='par_1_9' title="bbox 145 2772 1433 2970">
     <span class='ocr_line' id='line_1_23' title="bbox 148 2772 1433 2863; baseline -0.002 -23"><span class='ocrx_word' id='word_1_225' title='bbox 148 2778 222 2842; x_wconf 85' lang='lat' dir='ltr'><strong>bitae</strong></span> <span class='ocrx_word' id='word_1_226' title='bbox 243 2778 370 2855; x_wconf 86' lang='lat' dir='ltr'><strong>lunaris,</strong></span> <span class='ocrx_word' id='word_1_227' title='bbox 394 2800 433 2840; x_wconf 87' lang='lat' dir='ltr'><strong>ex</strong></span> <span class='ocrx_word' id='word_1_228' title='bbox 455 2776 504 2840; x_wconf 91' lang='lat' dir='ltr'><strong>his</strong></span> <span class='ocrx_word' id='word_1_229' title='bbox 527 2775 673 2863; x_wconf 87' lang='lat' dir='ltr'><strong>colligere</strong></span> <span class='ocrx_word' id='word_1_230' title='bbox 695 2775 767 2839; x_wconf 90' lang='lat' dir='ltr'><strong>licet</strong></span> <span class='ocrx_word' id='word_1_231' title='bbox 793 2796 954 2841; x_wconf 84' lang='lat' dir='ltr'><strong>ascensum</strong></span> <span class='ocrx_word' id='word_1_232' title='bbox 975 2796 1066 2859; x_wconf 88' lang='lat' dir='ltr'><strong>aquae</strong></span> <span class='ocrx_word' id='word_1_233' title='bbox 1088 2773 1184 2857; x_wconf 86' lang='lat' dir='ltr'><strong>Prop.</strong></span> <span class='ocrx_word' id='word_1_234' title='bbox 1202 2773 1242 2835; x_wconf 91' lang='lat' dir='ltr'><strong>V.</strong></span> <span class='ocrx_word' id='word_1_235' title='bbox 1265 2772 1433 2837; x_wconf 86' lang='lat' dir='ltr'><strong>definitum</strong></span> 
     </span>
     <span class='ocr_line' id='line_1_24' title="bbox 145 2882 1431 2970; baseline -0.002 -22"><span class='ocrx_word' id='word_1_236' title='bbox 145 2887 294 2970; x_wconf 88' lang='lat' dir='ltr'><strong>majorem</strong></span> <span class='ocrx_word' id='word_1_237' title='bbox 316 2888 369 2951; x_wconf 82' lang='lat' dir='ltr'><strong>vix</strong></span> <span class='ocrx_word' id='word_1_238' title='bbox 391 2884 522 2951; x_wconf 84' lang='lat' dir='ltr'><strong>evadere</strong></span> <span class='ocrx_word' id='word_1_239' title='bbox 543 2896 672 2969; x_wconf 83' lang='lat' dir='ltr'><strong>propter</strong></span> <span class='ocrx_word' id='word_1_240' title='bbox 693 2897 813 2947; x_wconf 89' lang='lat' dir='ltr'><strong>motum</strong></span> <span class='ocrx_word' id='word_1_241' title='bbox 834 2882 945 2947; x_wconf 81' lang='lat' dir='ltr'><strong>Terrae</strong></span> <span class='ocrx_word' id='word_1_242' title='bbox 959 2883 1106 2945; x_wconf 88' lang='lat' dir='ltr'><strong>diurnum</strong></span> <span class='ocrx_word' id='word_1_243' title='bbox 1120 2882 1203 2945; x_wconf 90' lang='lat' dir='ltr'><strong>circa</strong></span> <span class='ocrx_word' id='word_1_244' title='bbox 1221 2902 1313 2944; x_wconf 84' lang='lat' dir='ltr'><strong>axem</strong></span> <span class='ocrx_word' id='word_1_245' title='bbox 1329 2904 1431 2946; x_wconf 90' lang='lat' dir='ltr'><strong>suum.</strong></span> 
     </span>
    </p>
   </div>
   <div class='ocr_carea' id='block_1_10' title="bbox 100 2977 1431 3185">
    <p class='ocr_par' dir='ltr' id='par_1_10' title="bbox 100 2977 1431 3185">
     <span class='ocr_line' id='line_1_25' title="bbox 100 2977 1431 3080; baseline -0.002 -22"><span class='ocrx_word' id='word_1_246' title='bbox 100 3041 104 3049; x_wconf 77' lang='lat'><em>·</em></span> <span class='ocrx_word' id='word_1_247' title='bbox 148 2977 367 3079; x_wconf 74' lang='lat' dir='ltr'><strong>Supponamu&#39;s</strong></span> <span class='ocrx_word' id='word_1_248' title='bbox 383 2996 466 3058; x_wconf 90' lang='lat' dir='ltr'><strong>enim</strong></span> <span class='ocrx_word' id='word_1_249' title='bbox 487 2993 571 3058; x_wconf 86' lang='lat' dir='ltr'><strong>hunc</strong></span> <span class='ocrx_word' id='word_1_250' title='bbox 586 3006 705 3057; x_wconf 90' lang='lat' dir='ltr'><strong>motum</strong></span> <span class='ocrx_word' id='word_1_251' title='bbox 720 2993 828 3080; x_wconf 88' lang='lat' dir='ltr'><strong>augeri</strong></span> <span class='ocrx_word' id='word_1_252' title='bbox 848 2992 950 3055; x_wconf 91' lang='lat' dir='ltr'><strong>donec</strong></span> <span class='ocrx_word' id='word_1_253' title='bbox 964 2992 1010 3053; x_wconf 87' lang='lat' dir='ltr'><strong>vis</strong></span> <span class='ocrx_word' id='word_1_254' title='bbox 1024 2990 1198 3077; x_wconf 79' lang='lat' dir='ltr'><strong>centrilirge</strong></span> <span class='ocrx_word' id='word_1_255' title='bbox 1211 3014 1252 3054; x_wconf 87' lang='lat' dir='ltr'><strong>ex</strong></span> <span class='ocrx_word' id='word_1_256' title='bbox 1266 2990 1328 3055; x_wconf 90' lang='lat' dir='ltr'><strong>hoc</strong></span> <span class='ocrx_word' id='word_1_257' title='bbox 1341 3006 1431 3057; x_wconf 91' lang='lat' dir='ltr'><strong>motu</strong></span> 
     </span>
     <span class='ocr_line' id='line_1_26' title="bbox 146 3096 1430 3185; baseline 0 -24"><span class='ocrx_word' id='word_1_258' title='bbox 146 3100 280 3164; x_wconf 86' lang='lat' dir='ltr'><strong>oriunda</strong></span> <span class='ocrx_word' id='word_1_259' title='bbox 300 3100 356 3164; x_wconf 86' lang='lat' dir='ltr'><strong>fiat</strong></span> <span class='ocrx_word' id='word_1_260' title='bbox 376 3099 504 3185; x_wconf 87' lang='lat' dir='ltr'><strong>aequalis</strong></span> <span class='ocrx_word' id='word_1_261' title='bbox 526 3099 679 3185; x_wconf 87' lang='lat' dir='ltr'><strong>gravitati,</strong></span> <span class='ocrx_word' id='word_1_262' title='bbox 702 3110 733 3161; x_wconf 90' lang='lat' dir='ltr'><strong>et</strong></span> <span class='ocrx_word' id='word_1_263' title='bbox 753 3096 916 3182; x_wconf 70' lang='lat' dir='ltr'><strong>particulae</strong></span> <span class='ocrx_word' id='word_1_264' title='bbox 930 3096 1023 3159; x_wconf 86' lang='lat' dir='ltr'><strong>maris</strong></span> <span class='ocrx_word' id='word_1_265' title='bbox 1039 3096 1236 3159; x_wconf 84' lang='lat' dir='ltr'><strong>revolvantur</strong></span> <span class='ocrx_word' id='word_1_266' title='bbox 1250 3096 1292 3159; x_wconf 88' lang='lat' dir='ltr'><strong>ad</strong></span> <span class='ocrx_word' id='word_1_267' title='bbox 1307 3120 1430 3161; x_wconf 88' lang='lat' dir='ltr'><strong>morem</strong></span> 
     </span>
    </p>
   </div>
   <div class='ocr_carea' id='block_1_11' title="bbox 144 3204 1431 4590">
    <p class='ocr_par' dir='ltr' id='par_1_11' title="bbox 144 3204 1431 4590">
     <span class='ocr_line' id='line_1_27' title="bbox 146 3204 1428 3294; baseline 0.002 -24"><span class='ocrx_word' id='word_1_268' title='bbox 146 3208 311 3271; x_wconf 87' lang='lat' dir='ltr'><strong>satellitum</strong></span> <span class='ocrx_word' id='word_1_269' title='bbox 333 3208 495 3272; x_wconf 90' lang='lat' dir='ltr'><strong>in·orbitis</strong></span> <span class='ocrx_word' id='word_1_270' title='bbox 518 3206 610 3294; x_wconf 75' lang='lat' dir='ltr'><strong>quam</strong></span> <span class='ocrx_word' id='word_1_271' title='bbox 631 3204 774 3292; x_wconf 72' lang='lat' dir='ltr'><strong>proxime</strong></span> <span class='ocrx_word' id='word_1_272' title='bbox 795 3206 996 3270; x_wconf 89' lang='lat' dir='ltr'><strong>circularibus</strong></span> <span class='ocrx_word' id='word_1_273' title='bbox 1012 3206 1146 3271; x_wconf 86' lang='lat' dir='ltr'><strong>Terram</strong></span> <span class='ocrx_word' id='word_1_274' title='bbox 1165 3206 1428 3293; x_wconf 87' lang='lat' dir='ltr'><strong>contingentibus.</strong></span> 
     </span>
     <span class='ocr_line' id='line_1_28' title="bbox 148 3313 1430 3402; baseline 0.002 -25"><span class='ocrx_word' id='word_1_275' title='bbox 148 3313 213 3378; x_wconf 86' lang='lat' dir='ltr'><strong>Hae</strong></span> <span class='ocrx_word' id='word_1_276' title='bbox 235 3318 345 3380; x_wconf 88' lang='lat' dir='ltr'><strong>orbitae</strong></span> <span class='ocrx_word' id='word_1_277' title='bbox 367 3316 459 3381; x_wconf 87' lang='lat' dir='ltr'><strong>erunt</strong></span> <span class='ocrx_word' id='word_1_278' title='bbox 481 3316 634 3401; x_wconf 82' lang='lat' dir='ltr'><strong>ellipticae‚</strong></span> <span class='ocrx_word' id='word_1_279' title='bbox 658 3336 790 3402; x_wconf 86' lang='lat' dir='ltr'><strong>quarum</strong></span> <span class='ocrx_word' id='word_1_280' title='bbox 812 3337 886 3379; x_wconf 85' lang='lat' dir='ltr'><strong>axes</strong></span> <span class='ocrx_word' id='word_1_281' title='bbox 908 3315 1044 3379; x_wconf 87' lang='lat' dir='ltr'><strong>minores</strong></span> <span class='ocrx_word' id='word_1_282' title='bbox 1070 3316 1231 3400; x_wconf 75' lang='lat' dir='ltr'><strong>productae</strong></span> <span class='ocrx_word' id='word_1_283' title='bbox 1252 3317 1430 3380; x_wconf 89' lang='lat' dir='ltr'><strong>transibunt</strong></span> 
     </span>
     <span class='ocr_line' id='line_1_29' title="bbox 144 3424 1427 3509; baseline 0.002 -22"><span class='ocrx_word' id='word_1_284' title='bbox 144 3446 203 3509; x_wconf 90' lang='lat' dir='ltr'><strong>per</strong></span> <span class='ocrx_word' id='word_1_285' title='bbox 225 3424 339 3489; x_wconf 88' lang='lat' dir='ltr'><strong>Solem.</strong></span> <span class='ocrx_word' id='word_1_286' title='bbox 386 3424 429 3490; x_wconf 89' lang='lat' dir='ltr'><strong>Et</strong></span> <span class='ocrx_word' id='word_1_287' title='bbox 450 3425 476 3488; x_wconf 93' lang='lat' dir='ltr'><strong>si</strong></span> <span class='ocrx_word' id='word_1_288' title='bbox 499 3425 696 3489; x_wconf 87' lang='lat' dir='ltr'><strong>semi-axium</strong></span> <span class='ocrx_word' id='word_1_289' title='bbox 717 3424 892 3487; x_wconf 86' lang='lat' dir='ltr'><strong>differentia</strong></span> <span class='ocrx_word' id='word_1_290' title='bbox 906 3425 946 3487; x_wconf 91' lang='lat' dir='ltr'><strong>sit</strong></span> <span class='ocrx_word' id='word_1_291' title='bbox 959 3424 999 3487; x_wconf 87' lang='lat' dir='ltr'><strong>ad</strong></span> <span class='ocrx_word' id='word_1_292' title='bbox 1015 3425 1293 3490; x_wconf 88' lang='lat' dir='ltr'><strong>semi-diametrum</strong></span> <span class='ocrx_word' id='word_1_293' title='bbox 1308 3424 1427 3489; x_wconf 88' lang='lat' dir='ltr'><strong>medio·</strong></span> 
     </span>
     <span class='ocr_line' id='line_1_30' title="bbox 146 3530 1431 3619; baseline 0.001 -24"><span class='ocrx_word' id='word_1_294' title='bbox 146 3554 231 3596; x_wconf 86' lang='lat' dir='ltr'><strong>crem</strong></span> <span class='ocrx_word' id='word_1_295' title='bbox 253 3546 289 3596; x_wconf 88' lang='lat' dir='ltr'><strong>ut</strong></span> <span class='ocrx_word' id='word_1_296' title='bbox 312 3532 378 3598; x_wconf 78' lang='lat' dir='ltr'><strong>SV</strong></span> <span class='ocrx_word' id='word_1_297' title='bbox 399 3532 438 3597; x_wconf 91' lang='lat' dir='ltr'><strong>ad</strong></span> <span class='ocrx_word' id='word_1_298' title='bbox 462 3532 496 3597; x_wconf 88' lang='lat' dir='ltr'><strong>G</strong></span> <span class='ocrx_word' id='word_1_299' title='bbox 518 3530 702 3618; x_wconf 76' lang='lat' dir='ltr'><strong>(secundum</strong></span> <span class='ocrx_word' id='word_1_300' title='bbox 725 3556 762 3596; x_wconf 90' lang='lat' dir='ltr'><strong>ea</strong></span> <span class='ocrx_word' id='word_1_301' title='bbox 782 3556 854 3619; x_wconf 86' lang='lat' dir='ltr'><strong>quae</strong></span> <span class='ocrx_word' id='word_1_302' title='bbox 876 3533 915 3597; x_wconf 89' lang='lat' dir='ltr'><strong>de</strong></span> <span class='ocrx_word' id='word_1_303' title='bbox 937 3534 1074 3597; x_wconf 90' lang='lat' dir='ltr'><strong>motibus</strong></span> <span class='ocrx_word' id='word_1_304' title='bbox 1093 3534 1254 3600; x_wconf 87' lang='lat' dir='ltr'><strong>lunaribus</strong></span> <span class='ocrx_word' id='word_1_305' title='bbox 1274 3535 1371 3602; x_wconf 88' lang='lat' dir='ltr'><strong>tradit</strong></span> <span class='ocrx_word' id='word_1_306' title='bbox 1382 3536 1431 3597; x_wconf 82' lang='lat' dir='ltr'><strong>vir</strong></span> 
     </span>
     <span class='ocr_line' id='line_1_31' title="bbox 147 3638 1431 3727; baseline -0.002 -22"><span class='ocrx_word' id='word_1_307' title='bbox 147 3642 353 3721; x_wconf 88' lang='lat' dir='ltr'><strong>acutissimus)</strong></span> <span class='ocrx_word' id='word_1_308' title='bbox 376 3641 436 3705; x_wconf 88' lang='lat' dir='ltr'><strong>erit</strong></span> <span class='ocrx_word' id='word_1_309' title='bbox 456 3642 558 3704; x_wconf 91' lang='lat' dir='ltr'><strong>minor</strong></span> <span class='ocrx_word' id='word_1_310' title='bbox 579 3662 708 3704; x_wconf 87' lang='lat' dir='ltr'><strong>ascensu</strong></span> <span class='ocrx_word' id='word_1_311' title='bbox 724 3662 813 3726; x_wconf 75' lang='lat' dir='ltr'><strong>aqum</strong></span> <span class='ocrx_word' id='word_1_312' title='bbox 828 3638 923 3724; x_wconf 72' lang='lat' dir='ltr'><strong>snpra</strong></span> <span class='ocrx_word' id='word_1_313' title='bbox 936 3640 1065 3703; x_wconf 83' lang='lat' dir='ltr'><strong>definito</strong></span> <span class='ocrx_word' id='word_1_314' title='bbox 1082 3640 1178 3724; x_wconf 90' lang='lat' dir='ltr'><strong>Prop.</strong></span> <span class='ocrx_word' id='word_1_315' title='bbox 1194 3641 1235 3705; x_wconf 93' lang='lat' dir='ltr'><strong>V.</strong></span> <span class='ocrx_word' id='word_1_316' title='bbox 1257 3642 1291 3704; x_wconf 90' lang='lat' dir='ltr'><strong>in</strong></span> <span class='ocrx_word' id='word_1_317' title='bbox 1306 3664 1368 3727; x_wconf 89' lang='lat' dir='ltr'><strong>qua</strong></span> <span class='ocrx_word' id='word_1_318' title='bbox 1381 3640 1431 3703; x_wconf 91' lang='lat' dir='ltr'><strong>in-</strong></span> 
     </span>
     <span class='ocr_line' id='line_1_32' title="bbox 145 3744 1430 3831; baseline -0.002 -20"><span class='ocrx_word' id='word_1_319' title='bbox 145 3748 286 3811; x_wconf 85' lang='lat' dir='ltr'><strong>venimus</strong></span> <span class='ocrx_word' id='word_1_320' title='bbox 307 3753 329 3810; x_wconf 74' lang='grc'><em>2</em></span> <span class='ocrx_word' id='word_1_321' title='bbox 351 3768 374 3809; x_wconf 89' lang='lat' dir='ltr'>x</span> <span class='ocrx_word' id='word_1_322' title='bbox 395 3768 460 3809; x_wconf 89' lang='lat' dir='ltr'><strong>esse</strong></span> <span class='ocrx_word' id='word_1_323' title='bbox 483 3746 521 3809; x_wconf 86' lang='lat' dir='ltr'><strong>ad</strong></span> <span class='ocrx_word' id='word_1_324' title='bbox 544 3745 566 3808; x_wconf 96' lang='lat' dir='ltr'><strong>d</strong></span> <span class='ocrx_word' id='word_1_325' title='bbox 586 3758 622 3809; x_wconf 88' lang='lat' dir='ltr'><strong>ut</strong></span> <span class='ocrx_word' id='word_1_326' title='bbox 647 3753 685 3810; x_wconf 86' lang='lat'><strong>15</strong></span> <span class='ocrx_word' id='word_1_327' title='bbox 709 3744 740 3809; x_wconf 94' lang='lat' dir='ltr'><strong>V</strong></span> <span class='ocrx_word' id='word_1_328' title='bbox 761 3745 801 3809; x_wconf 88' lang='lat' dir='ltr'><strong>ad</strong></span> <span class='ocrx_word' id='word_1_329' title='bbox 825 3754 845 3808; x_wconf 75' lang='lat'><em>4</em></span> <span class='ocrx_word' id='word_1_330' title='bbox 868 3745 910 3809; x_wconf 92' lang='lat' dir='ltr'><strong>G.</strong></span> <span class='ocrx_word' id='word_1_331' title='bbox 957 3744 1054 3819; x_wconf 78' lang='lat' dir='ltr'><strong>Quod</strong></span> <span class='ocrx_word' id='word_1_332' title='bbox 1073 3747 1100 3808; x_wconf 86' lang='lat' dir='ltr'><strong>si</strong></span> <span class='ocrx_word' id='word_1_333' title='bbox 1121 3766 1298 3831; x_wconf 76' lang='lat' dir='ltr'><strong>quaeramus</strong></span> <span class='ocrx_word' id='word_1_334' title='bbox 1315 3744 1430 3809; x_wconf 90' lang='lat' dir='ltr'><strong>horum</strong></span> 
     </span>
     <span class='ocr_line' id='line_1_33' title="bbox 146 3853 1430 3941; baseline -0.002 -21"><span class='ocrx_word' id='word_1_335' title='bbox 146 3856 343 3920; x_wconf 85' lang='lat' dir='ltr'><strong>semi-axium</strong></span> <span class='ocrx_word' id='word_1_336' title='bbox 365 3854 571 3919; x_wconf 83' lang='lat' dir='ltr'><strong>differentiam</strong></span> <span class='ocrx_word' id='word_1_337' title='bbox 592 3876 633 3917; x_wconf 82' lang='lat' dir='ltr'><strong>ex</strong></span> <span class='ocrx_word' id='word_1_338' title='bbox 655 3854 757 3941; x_wconf 85' lang='lat' dir='ltr'><strong>figura</strong></span> <span class='ocrx_word' id='word_1_339' title='bbox 778 3853 889 3918; x_wconf 83' lang='lat' dir='ltr'><strong>orbitae</strong></span> <span class='ocrx_word' id='word_1_340' title='bbox 910 3854 1027 3918; x_wconf 89' lang='lat' dir='ltr'><strong>lunaris</strong></span> <span class='ocrx_word' id='word_1_341' title='bbox 1048 3854 1200 3939; x_wconf 68' lang='lat' dir='ltr'><strong>quatenus</strong></span> <span class='ocrx_word' id='word_1_342' title='bbox 1222 3878 1264 3920; x_wconf 87' lang='lat' dir='ltr'><strong>ex</strong></span> <span class='ocrx_word' id='word_1_343' title='bbox 1283 3855 1430 3919; x_wconf 78' lang='lat' dir='ltr'><strong>observa·</strong></span> 
     </span>
     <span class='ocr_line' id='line_1_34' title="bbox 146 3962 1430 4049; baseline -0.003 -18"><span class='ocrx_word' id='word_1_344' title='bbox 146 3966 282 4031; x_wconf 79' lang='lat' dir='ltr'><strong>tionibus</strong></span> <span class='ocrx_word' id='word_1_345' title='bbox 297 3965 463 4029; x_wconf 75' lang='lat' dir='ltr'><strong>innotescit</strong></span> <span class='ocrx_word' id='word_1_346' title='bbox 477 3962 648 4029; x_wconf 73' lang='lat' dir='ltr'><strong>secundum</strong></span> <span class='ocrx_word' id='word_1_347' title='bbox 668 3964 768 4028; x_wconf 81' lang='lat' dir='ltr'><strong>claris</strong></span> <span class='ocrx_word' id='word_1_348' title='bbox 786 3963 968 4049; x_wconf 88' lang='lat' dir='ltr'><strong>Halleyum,</strong></span> <span class='ocrx_word' id='word_1_349' title='bbox 991 3988 1104 4049; x_wconf 90' lang='lat' dir='ltr'><strong>parum</strong></span> <span class='ocrx_word' id='word_1_350' title='bbox 1118 3965 1288 4029; x_wconf 90' lang='lat' dir='ltr'><strong>admodum</strong></span> <span class='ocrx_word' id='word_1_351' title='bbox 1302 3985 1430 4048; x_wconf 89' lang='lat' dir='ltr'><strong>supera·</strong></span> 
     </span>
     <span class='ocr_line' id='line_1_35' title="bbox 145 4072 1429 4157; baseline -0.002 -20"><span class='ocrx_word' id='word_1_352' title='bbox 145 4074 192 4138; x_wconf 89' lang='lat' dir='ltr'><strong>bit</strong></span> <span class='ocrx_word' id='word_1_353' title='bbox 213 4096 374 4137; x_wconf 87' lang='lat' dir='ltr'><strong>ascensum</strong></span> <span class='ocrx_word' id='word_1_354' title='bbox 396 4094 486 4157; x_wconf 79' lang='lat' dir='ltr'><strong>aquae</strong></span> <span class='ocrx_word' id='word_1_355' title='bbox 508 4072 602 4157; x_wconf 83' lang='lat' dir='ltr'><strong>suprai</strong></span> <span class='ocrx_word' id='word_1_356' title='bbox 624 4072 795 4136; x_wconf 85' lang='lat' dir='ltr'><strong>definitum.</strong></span> <span class='ocrx_word' id='word_1_357' title='bbox 841 4072 910 4136; x_wconf 89' lang='lat' dir='ltr'><strong>Nec</strong></span> <span class='ocrx_word' id='word_1_358' title='bbox 928 4073 1044 4137; x_wconf 87' lang='lat' dir='ltr'><strong>mimm</strong></span> <span class='ocrx_word' id='word_1_359' title='bbox 1065 4075 1091 4137; x_wconf 93' lang='lat' dir='ltr'><strong>si</strong></span> <span class='ocrx_word' id='word_1_360' title='bbox 1111 4096 1176 4138; x_wconf 90' lang='lat' dir='ltr'><strong>non</strong></span> <span class='ocrx_word' id='word_1_361' title='bbox 1195 4074 1339 4138; x_wconf 71' lang='lat' dir='ltr'><strong>accurate</strong></span> <span class='ocrx_word' id='word_1_362' title='bbox 1354 4094 1429 4137; x_wconf 88' lang='lat' dir='ltr'><strong>con·</strong></span> 
     </span>
     <span class='ocr_line' id='line_1_36' title="bbox 145 4160 1430 4265; baseline 0.001 -21"><span class='ocrx_word' id='word_1_363' title='bbox 145 4182 280 4257; x_wconf 83' lang='lat' dir='ltr'><strong>veniant,</strong></span> <span class='ocrx_word' id='word_1_364' title='bbox 303 4160 375 4245; x_wconf 78' lang='lat' dir='ltr'><strong>ciuis</strong></span> <span class='ocrx_word' id='word_1_365' title='bbox 396 4179 530 4265; x_wconf 83' lang='lat' dir='ltr'><strong>gravitas</strong></span> <span class='ocrx_word' id='word_1_366' title='bbox 554 4180 654 4243; x_wconf 88' lang='lat' dir='ltr'><strong>Lunae</strong></span> <span class='ocrx_word' id='word_1_367' title='bbox 669 4177 776 4243; x_wconf 78' lang='lat' dir='ltr'><strong>versus</strong></span> <span class='ocrx_word' id='word_1_368' title='bbox 791 4179 925 4242; x_wconf 89' lang='lat' dir='ltr'><strong>Terram</strong></span> <span class='ocrx_word' id='word_1_369' title='bbox 940 4192 1087 4265; x_wconf 87' lang='lat' dir='ltr'><strong>sequatur</strong></span> <span class='ocrx_word' id='word_1_370' title='bbox 1100 4182 1253 4245; x_wconf 86' lang='lat' dir='ltr'><strong>rationem</strong></span> <span class='ocrx_word' id='word_1_371' title='bbox 1274 4183 1430 4245; x_wconf 87' lang='lat' dir='ltr'><strong>inversam</strong></span> 
     </span>
     <span class='ocr_line' id='line_1_37' title="bbox 146 4288 1428 4375; baseline 0.001 -21"><span class='ocrx_word' id='word_1_372' title='bbox 146 4290 334 4374; x_wconf 84' lang='lat' dir='ltr'><strong>duplicatam</strong></span> <span class='ocrx_word' id='word_1_373' title='bbox 363 4288 588 4365; x_wconf 88' lang='lat' dir='ltr'><strong>distantiarum,</strong></span> <span class='ocrx_word' id='word_1_374' title='bbox 621 4289 756 4375; x_wconf 86' lang='lat' dir='ltr'><strong>gravitas</strong></span> <span class='ocrx_word' id='word_1_375' title='bbox 786 4310 876 4373; x_wconf 84' lang='lat' dir='ltr'><strong>aquae</strong></span> <span class='ocrx_word' id='word_1_376' title='bbox 904 4290 1004 4373; x_wconf 87' lang='lat' dir='ltr'><strong>major</strong></span> <span class='ocrx_word' id='word_1_377' title='bbox 1033 4311 1158 4374; x_wconf 90' lang='lat' dir='ltr'><strong>quoque</strong></span> <span class='ocrx_word' id='word_1_378' title='bbox 1186 4290 1227 4353; x_wconf 89' lang='lat' dir='ltr'><strong>sit</strong></span> <span class='ocrx_word' id='word_1_379' title='bbox 1254 4291 1288 4352; x_wconf 91' lang='lat' dir='ltr'><strong>in</strong></span> <span class='ocrx_word' id='word_1_380' title='bbox 1316 4290 1428 4375; x_wconf 85' lang='lat' dir='ltr'><strong>majori</strong></span> 
     </span>
     <span class='ocr_line' id='line_1_38' title="bbox 145 4392 1427 4482; baseline -0.002 -21"><span class='ocrx_word' id='word_1_381' title='bbox 145 4396 299 4474; x_wconf 73' lang='lat' dir='ltr'><strong>distantii,</strong></span> <span class='ocrx_word' id='word_1_382' title='bbox 316 4396 450 4461; x_wconf 91' lang='lat' dir='ltr'><strong>sednon</strong></span> <span class='ocrx_word' id='word_1_383' title='bbox 465 4396 497 4457; x_wconf 92' lang='lat' dir='ltr'><strong>in</strong></span> <span class='ocrx_word' id='word_1_384' title='bbox 512 4394 620 4458; x_wconf 74' lang='lat' dir='ltr'><strong>eidem</strong></span> <span class='ocrx_word' id='word_1_385' title='bbox 635 4394 765 4458; x_wconf 87' lang='lat' dir='ltr'><strong>ratione.</strong></span> <span class='ocrx_word' id='word_1_386' title='bbox 811 4392 895 4458; x_wconf 83' lang='lat' dir='ltr'><strong>Crim</strong></span> <span class='ocrx_word' id='word_1_387' title='bbox 908 4393 978 4457; x_wconf 83' lang='lat' dir='ltr'><strong>haec</strong></span> <span class='ocrx_word' id='word_1_388' title='bbox 993 4394 1199 4478; x_wconf 75' lang='lat' dir='ltr'><strong>phaenomena</strong></span> <span class='ocrx_word' id='word_1_389' title='bbox 1213 4396 1274 4459; x_wconf 88' lang='lat' dir='ltr'><strong>sint</strong></span> <span class='ocrx_word' id='word_1_390' title='bbox 1284 4396 1427 4482; x_wconf 83' lang='lat' dir='ltr'><strong>analoga,</strong></span> 
     </span>
     <span class='ocr_line' id='line_1_39' title="bbox 145 4502 1428 4590; baseline -0.005 -17"><span class='ocrx_word' id='word_1_391' title='bbox 145 4521 177 4573; x_wconf 83' lang='lat' dir='ltr'><strong>et</strong></span> <span class='ocrx_word' id='word_1_392' title='bbox 198 4507 257 4571; x_wconf 89' lang='lat' dir='ltr'><strong>sibi</strong></span> <span class='ocrx_word' id='word_1_393' title='bbox 278 4504 387 4570; x_wconf 76' lang='lat' dir='ltr'><strong>mutuis</strong></span> <span class='ocrx_word' id='word_1_394' title='bbox 410 4504 546 4590; x_wconf 85' lang='lat' dir='ltr'><strong>aliquam</strong></span> <span class='ocrx_word' id='word_1_395' title='bbox 560 4502 662 4566; x_wconf 91' lang='lat' dir='ltr'><strong>lucem</strong></span> <span class='ocrx_word' id='word_1_396' title='bbox 677 4502 816 4579; x_wconf 79' lang='lat' dir='ltr'><strong>afferant,</strong></span> <span class='ocrx_word' id='word_1_397' title='bbox 840 4503 910 4568; x_wconf 86' lang='lat' dir='ltr'><strong>haec</strong></span> <span class='ocrx_word' id='word_1_398' title='bbox 924 4504 964 4568; x_wconf 91' lang='lat' dir='ltr'><strong>de</strong></span> <span class='ocrx_word' id='word_1_399' title='bbox 978 4504 1016 4568; x_wconf 90' lang='lat' dir='ltr'><strong>iis</strong></span> <span class='ocrx_word' id='word_1_400' title='bbox 1030 4505 1112 4568; x_wconf 82' lang='lat' dir='ltr'><strong>inter</strong></span> <span class='ocrx_word' id='word_1_401' title='bbox 1126 4528 1160 4571; x_wconf 91' lang='lat' dir='ltr'><strong>se</strong></span> <span class='ocrx_word' id='word_1_402' title='bbox 1174 4504 1299 4570; x_wconf 81' lang='lat' dir='ltr'><strong>collatis</strong></span> <span class='ocrx_word' id='word_1_403' title='bbox 1308 4526 1428 4569; x_wconf 88' lang='lat' dir='ltr'><strong>memo-</strong></span> 
     </span>
    </p>
   </div>
   <div class='ocr_carea' id='block_1_12' title="bbox 145 4611 1430 4766">
    <p class='ocr_par' dir='ltr' id='par_1_12' title="bbox 145 4611 1430 4766">
     <span class='ocr_line' id='line_1_40' title="bbox 145 4611 1430 4715; baseline -0.004 -34"><span class='ocrx_word' id='word_1_404' title='bbox 145 4635 215 4681; x_wconf 86' lang='lat' dir='ltr'><strong>rare</strong></span> <span class='ocrx_word' id='word_1_405' title='bbox 237 4616 399 4686; x_wconf 85' lang='lat' dir='ltr'><strong>ridebatur</strong></span> <span class='ocrx_word' id='word_1_406' title='bbox 414 4634 520 4701; x_wconf 82' lang='lat' dir='ltr'><strong>cperae</strong></span> <span class='ocrx_word' id='word_1_407' title='bbox 534 4612 688 4699; x_wconf 84' lang='lat' dir='ltr'><strong>proetium.</strong></span> <span class='ocrx_word' id='word_1_408' title='bbox 737 4613 949 4715; x_wconf 82' lang='lat' dir='ltr'><strong>Supponimus</strong></span> <span class='ocrx_word' id='word_1_409' title='bbox 963 4626 1067 4678; x_wconf 86' lang='lat' dir='ltr'><strong>tamen</strong></span> <span class='ocrx_word' id='word_1_410' title='bbox 1087 4611 1141 4677; x_wconf 81' lang='lat' dir='ltr'><strong>hic</strong></span> <span class='ocrx_word' id='word_1_411' title='bbox 1155 4636 1245 4699; x_wconf 86' lang='lat' dir='ltr'><strong>aquae</strong></span> <span class='ocrx_word' id='word_1_412' title='bbox 1259 4627 1379 4678; x_wconf 89' lang='lat' dir='ltr'><strong>motum</strong></span> <span class='ocrx_word' id='word_1_413' title='bbox 1396 4614 1430 4676; x_wconf 92' lang='lat' dir='ltr'><strong>in</strong></span> 
     </span>
     <span class='ocr_line' id='line_1_41' title="bbox 768 4717 918 4766; baseline 0.007 -1"><span class='ocrx_word' id='word_1_414' title='bbox 768 4717 811 4766; x_wconf 73' lang='lat'><strong>82</strong></span> <span class='ocrx_word' id='word_1_415' title='bbox 914 4746 918 4749; x_wconf 91' lang='lat'><strong>·</strong></span> 
     </span>
    </p>
   </div>
   <div class='ocr_carea' id='block_1_13' title="bbox 0 0 1646 5517">
    <p class='ocr_par' dir='ltr' id='par_1_13' title="bbox 0 0 1646 5517">
     <span class='ocr_line' id='line_1_42' title="bbox 0 0 1646 5517; baseline 0 0"><span class='ocrx_word' id='word_1_416' title='bbox 0 0 1646 5517; x_wconf 95' lang='lat' dir='ltr'><strong> </strong></span> 
     </span>
    </p>
   </div>
  </div>
 </body>
</html>
