3284 5517
231 379 252 435 4
512 362 854 435 PHILOSOPHIAE
876 368 1149 434 NATURALIS
1211 368 1286 447 [Dn
1300 368 1401 434 Mun.
1416 369 1515 435 Sm.

228 552 333 631 partes
358 540 466 605 divisse
491 540 678 626 separabiles
703 550 815 619 essent,
842 541 1006 605 sedetiam
1026 541 1113 627 quod
1137 540 1278 605 indiviae
1298 542 1333 605 in
1350 541 1516 605 infinitum

228 650 327 715 dividi
340 661 482 734 possent.
564 664 568 673 ’

238 750 241 757 ’
272 757 419 842 Denique
443 756 470 818 si
495 774 627 839 corpora
652 756 758 819 omnia
781 756 815 819 in
840 745 972 822 circuitis
994 767 1088 820 terrm
1112 757 1222 843 gravia
1241 778 1308 821 esse
1327 757 1363 820 in
1384 769 1513 834 terram,

227 866 324 952 idque
337 884 397 948 pro
411 862 735 947 quantitatemeteriae
749 862 783 925 in
797 863 938 950 singulis,
958 862 1111 926 etlunam
1123 884 1251 950 gravem
1265 886 1333 927 esse
1348 865 1382 927 in
1395 876 1516 927 terrum

227 970 288 1058 p'ro
314 971 486 1057 quantitate
507 970 646 1033 meteriae
671 992 747 1047 suae,
773 984 805 1034 et
819 972 955 1035 vicissim
977 992 1066 1034 mere
1088 984 1234 1035 nostram
1258 994 1355 1058 greve
1381 994 1450 1035 esse
1478 972 1516 1035 in

228 1082 344 1159 lunum,
360 1094 392 1165 et
405 1080 546 1165 planetes
561 1101 669 1144 omnes
684 1101 794 1167 graves
810 1102 877 1143 esse
890 1081 925 1143 in
939 1102 974 1143 se
986 1091 1107 1157 mutuo,
1128 1092 1160 1143 et
1174 1092 1365 1145 cometarum
1378 1080 1516 1145 similem

228 1214 296 1255 esse
310 1191 492 1278 gravimtem
506 1190 540 1251 in
556 1188 671 1265 Solem,
693 1210 751 1272 per
764 1188 979 1271 experimenta
992 1200 1026 1252 et
1033 1188 1271 1252 'observationes
1287 1189 1515 1253 astronomicas

228 1300 442 1365 universaliter
457 1310 593 1363 constet:
616 1296 785 1361 dicendum
800 1298 931 1381 eritper
944 1295 1026 1359 hanc
1040 1295 1182 1383 regulam
1196 1296 1283 1380 quod
1296 1318 1430 1379 corpora
1444 1318 1516 1359 om·

228 1408 281 1470 nis
302 1408 335 1469 in
356 1428 390 1469 se
410 1416 520 1467 mutuo
541 1404 705 1491 muriunt.
751 1402 835 1466 Nem
849 1415 881 1473 et
893 1402 1005 1467 fortius
1019 1404 1080 1467 erit
1092 1415 1312 1490 argumentum
1326 1426 1367 1466 ex
1381 1403 1515 1487 phoeno-

228 1513 327 1577 menis
349 1511 389 1575 de
410 1512 562 1597 grevimte
584 1508 760 1585 universali,
783 1505 877 1594 quim
892 1508 932 1572 de
949 1530 1119 1593 corporum
1140 1510 1449 1594 impenetrabilitetc:
1472 1512 1517 1576 de

229 1620 291 1706 quit
319 1618 427 1703 utique
462 1616 495 1679 in
532 1615 716 1699 semoribus
731 1614 924 1679 -coelestibus
952 1616 1075 1679 nullum
1103 1618 1364 1700 experimentum,
1394 1620 1517 1683 nahem

229 1746 357 1811 prorsus
372 1720 618 1785 observationem
632 1720 794 1787 hebemus.
840 1722 991 1785 Attamen
1003 1723 1191 1808 gravitatem
1204 1725 1387 1809 corporibus
1409 1748 1518 1790 essen·

230 1833 335 1897 tialem
349 1853 415 1895 esse
429 1828 556 1895 minimi
571 1830 701 1897 affirmo.
741 1830 804 1894 Per
817 1830 882 1893 vim
895 1831 1176 1918 insitamintelligo
1190 1832 1288 1895 solum
1301 1834 1366 1895 vim
1381 1834 1516 1899 inertioe.

232 1939 315 2004 Haec
329 1939 529 2003 immutabilis
543 1950 599 2004 est
646 1938 685 2023 (⁶)
703 1938 852 2004 Gravitas
866 1938 1043 2005 recedendo
1057 1962 1077 2003 a
1090 1938 1184 2018 terri,
1199 1939 1391 2005 diminuitur.

736 2084 931 2205 REGULA
954 2138 1014 2204 1v.

230 2310 271 2375 In
287 2308 480 2392 philosophici
494 2310 730 2391 experimentali,
747 2312 971 2393 propositiones
985 2332 1022 2372 en
1030 2310 1234 2391 phoenomenis
1242 2330 1302 2391 per
1317 2310 1517 2375 inductionem

273 2418 411 2495 collecte,
435 2438 495 2479 non
517 2416 701 2480 obstantibus
721 2418 885 2479 contrariis
906 2416 1120 2499 hypothesibus,
1136 2436 1197 2497 pro
1218 2419 1296 2480 neris
1309 2428 1364 2479 cut
1378 2416 1519 2481 accurati

274 2532 329 2585 ant
354 2518 576 2606 quamproxime*
590 2522 696 2585 haberi
710 2523 825 2599 dehent,
853 2526 945 2586 donec
958 2524 1023 2585 ahia
1038 2524 1220 2586 ocnnrerint
1228 2526 1434 2605 phmtmoem,
1456 2548 1519 2609 per

274 2650 341 2715 qnae
355 2640 409 2693 auct
417 2632 623 2717 ‘accuratiores
636 2630 804 2693 redduntur
818 2639 873 2692 aut
887 2628 1105 2711 exceptionibus
1119 2630 1263 2692 ohnoniae.

276 2796 314 2880 (⁸)
332 2744 491 2861 Hociieri
506 2794 599 2861 debet
612 2806 888 2884 neergumentum
903 2795 1093 2860 inductionis
1106 2795 1233 2861 tolletur
1245 2818 1303 2881 per
1316 2796 1516 2883 hypotheses.

268 2962 328 3027 (⁶)'
347 2962 452 3013 Gmcr‘tos
466 2966 588 3011 recedendo
603 2980 618 3010 a
634 2960 696 3011 terni
712 2964 862 3020 dissimilar,
893 2960 964 3008 ducta
979 2959 1010 3008 ad
1025 2960 1173 3009 stabiliendas
1189 2962 1260 3008 modo
1270 2960 1450 3015 demonstretiro
1460 2978 1517 3011 cou-

236 3036 265 3075 ut
275 3024 337 3073 iniri
347 3026 551 3075 demonstrabitur.
892 3025 1009 3073 cltrsiones
1029 3024 1149 3086 generales
1169 3025 1224 3071 setis
1241 3040 1290 3071 non
1306 3026 1361 3082 sint,
1380 3027 1418 3073 hic
1436 3037 1519 3074 umen

270 3088 306 3154 (²)
326 3094 338 3121 ⁸
366 3092 418 3139 Hoc
432 3092 490 3156 steri
508 3094 577 3138 dehet.
624 3090 696 3136 Hauc
712 3088 818 3151 regulam
837 3088 863 3134 in
894 3088 1046 3135 mtiocinandi
1067 3088 1151 3134 modus
1172 3099 1207 3135 est
1232 3089 1338 3135 omnium
1358 3105 1418 3151 quos
1436 3104 1517 3137 renim

238 3152 406 3215 questionibus
416 3151 783 3213 opcicishocierdmodoeaponit
793 3153 864 3198 Ners-
894 3150 980 3199 asturi
993 3152 1113 3199 admittere
1119 3152 1196 3211 possit
1205 3152 1315 3211 optimus,
1331 3152 1396 3215 isque
1406 3134 1435 3200 ed
1444 3154 1519 3201 tutior

239 3226 316 3264 tonus.
343 3216 374 3264 Iu
385 3216 485 3278 physicis
496 3231 544 3263 non
555 3230 621 3263 secus
628 3231 656 3263 ac
663 3216 689 3263 in
697 3214 865 3262 mathematicis
894 3215 996 3275 reputari
1012 3214 1081 3262 debet
1098 3212 1147 3277 qud
1161 3214 1290 3277 generalior
1305 3226 1340 3263 est
1355 3216 1475 3275 inductio;
1497 3217 1519 3263 ai

240 3280 348 3336 scientim
365 3286 395 3327 ad
410 3296 448 3327 res
463 3279 569 3327 difficiles
583 3278 733 3341 inquirendas
742 3278 867 3325 methodus
896 3287 975 3325 eutem
992 3279 1058 3325 nulla
1073 3280 1253 3341 repugnaverint
1268 3280 1427 3339 phaenomena,
1444 3296 1518 3341 gme-

140 3343 145 3353 “
239 3344 355 3405 analytica
373 3342 437 3403 prius
452 3353 487 3390 est
498 3342 631 3403 usurpanda
648 3340 718 3405 quim
738 3342 867 3402 syntherica
896 3342 970 3389 ralem
980 3343 1153 3389 conclusionem
1163 3341 1278 3390 deduoem
1289 3342 1373 3391 licebit.
1409 3344 1452 3390 Sin
1463 3343 1521 3392 verti

240 3407 366 3454 methodus
383 3407 408 3453 ia
430 3406 546 3453 auxilium
567 3416 669 3453 rocam.
709 3404 770 3453 liceo
790 3405 867 3465 prima
897 3404 1005 3464 deinceps
1014 3406 1519 3468 contrariaoccurrantphmomenmrcep·

240 3469 366 3518 methodus
375 3470 401 3516 in
412 3484 440 3517 eo
451 3470 524 3529 posita
533 3480 570 3517 est
579 3478 607 3516 ut
616 3468 769 3517 adhibeantur
776 3469 866 3529 experi-
897 3468 1000 3531 tionibus
1016 3470 1148 3516 neecsmms
1164 3469 1284 3516 timinam
1293 3470 1337 3517 erit
1347 3468 1416 3532 atqui
1425 3471 1520 3519 sutrin.

201 3540 202 3545 ’
242 3544 321 3581 menta
336 3531 623 3595 atqudobservationcser
634 3531 719 3595 quibus
729 3532 815 3579 deludi
825 3546 867 3592 per
897 3532 975 3593 gend·
991 3530 1116 3578 conclusio.
1161 3532 1243 3594 Hujus
1260 3532 1380 3593 anslyscos
1398 3534 1486 3581 auxilio
1504 3551 1519 3582 a

242 3596 401 3645 inductionem
412 3596 572 3643 conclusiones
583 3596 701 3657 generales
713 3594 866 3652 deducentem
898 3595 1029 3655 composin's
1043 3595 1074 3641 ad
1089 3594 1210 3656 simplicia,
1221 3610 1236 3641 a
1245 3596 1345 3643 motibus
1355 3598 1385 3643 ad
1396 3596 1455 3642 vires
1465 3613 1520 3658 pro.

243 3674 291 3707 non
302 3660 574 3707 obstentibuscontrsriis
585 3660 755 3720 hypothesibus,
773 3658 818 3706 nisi
829 3674 868 3705 eas
898 3658 1016 3713 ducena,
1035 3669 1060 3706 et
1074 3658 1202 3721 geneceum
1217 3662 1247 3707 ab
1262 3660 1381 3706 effectibus
1395 3660 1425 3706 ed
1437 3676 1521 3709 eoram

242 3722 486 3784 aliquoeaperimeato
496 3720 868 3785 wewttuiqutvenatenixu
898 3736 980 3770 musas
997 3723 1111 3781 perenni
1129 3733 1210 3782 potest.
1254 3722 1327 3778 Quod
1344 3722 1375 3771 ad
1392 3724 1520 3785 synthesim

243 3801 293 3833 esse
308 3787 370 3833 conti
388 3786 438 3832 erit.
477 3786 539 3833 Nam
549 3785 613 3847 quod
623 3784 761 3846 hypotheses
771 3794 867 3845 spectat,
899 3784 1005 3845 pertinet,
1026 3786 1077 3833 bac
1097 3800 1178 3832 causas
1198 3789 1303 3847 cogruitss
1323 3785 1392 3849 atqui
1415 3790 1521 3847 prolatas

244 3866 279 3897 en
294 3850 318 3895 in
336 3803 483 3909 philosophiis
503 3848 676 3909 experimentali
690 3848 768 3895 Ιοιιιιιι
783 3850 868 3896 habere
901 3858 1012 3911 tanquam
1028 3849 1140 3909 principia
1155 3848 1250 3895 assumit
1260 3865 1360 3912 quorum
1370 3866 1415 3911 ope
1424 3853 1521 3913 pireno-

245 3928 292 3959 nun
313 3912 406 3961 debent
455 3913 571 3967 Quamvis
591 3912 711 3959 numinis
729 3914 758 3959 eb
776 3913 866 3971 experi-
901 3912 1263 3973 menaiadinctaeaplicnutur.

245 3975 330 4024 menda
345 3987 371 4024 et
385 3976 583 4025 obaenadonibus
596 3986 641 4034 per
652 3974 813 4025 inductionem
826 3974 867 4023 de·
