3284 5517
447 340 651 412 'fluxus
672 343 735 408 Ac
758 341 1016 410 BEFLUXUS
1029 341 1197 410 melun
1408 351 1473 418 Μ

185 514 312 583 matini
327 528 381 581 tot
398 517 528 582 minotio
547 527 622 603 poet
640 516 817 582 mnrium
861 516 1061 582 Contrarium
1076 515 1180 582 evenit
1193 515 1220 584 ai
1237 515 1287 580 vel
1304 515 1398 584 Luna
1412 519 1472 586 sub

186 627 289 694 Terre
302 627 344 692 od
356 628 567 694 meridianum
579 627 727 714 appellat,
742 627 793 692 vel
809 627 864 692 Sol
883 627 916 692 in
932 625 1063 692 solstitio
1077 625 1213 712 hyemali
1227 637 1375 690 versetur.
1417 629 1473 700 ,Ex

183 737 235 801 hia
257 737 354 825 igitur
375 737 526 816 formulis,
551 739 578 801 si
600 737 718 803 tabuloe
735 736 952 815 adhibeantur,
969 759 1035 802 non
1057 737 1117 802 erit
1137 736 1261 800 difficile
1281 759 1341 822 pro
1362 720 1473 824 quovis

45 914 50 924 ,
183 844 256 909 loeo
278 829 394 910 Terrae
410 845 452 909 od
474 844 606 933 quodvis
625 857 750 931 tempor
763 843 905 922 delinire,
921 855 1071 932 quantum
1084 844 1328 930 maximaeque
1342 845 1473 923 elevatio

185 951 352 1016 transitum
372 951 476 1017 Lunae
495 973 553 1037 per
574 950 782 1041 meridianum
795 951 846 1016 vel
859 950 1038 1037 proeoedere
1052 949 1102 1016 vel
1116 951 1205 1036 aequi
1218 950 1347 1028 debent3
1369 953 1473 1038 mpur-

183 1059 271 1130 modi
294 1061 532 1145 supputationes
554 1061 725 1126 maximam
748 1060 842 1126 etiem
864 1061 1014 1126 aderent
1022 1060 1196 1140 utilitatem,
1225 1061 1354 1149 quando
1379 1062 1473 1140 etiam

183 1166 308 1231 inertiae
321 1187 415 1251 nquae
428 1167 509 1231 ratio
522 1165 698 1232 habebitur.

226 1281 250 1359 l.
268 1281 321 1346 67.
345 1275 528 1351 Quoniam
518 1275 616 1362 rgitur
630 1274 703 1340 setis
718 1286 766 1339 eat
779 1275 967 1359 expositum,
982 1295 1046 1360 quo
1059 1289 1219 1342 momento
1233 1297 1320 1342 mere
1334 1223 1471 1360 maxime

70 1450 79 1468 ,
185 1385 227 1450 sit
240 1384 404 1463 elevatum,
420 1383 590 1448 maximum
604 1405 730 1469 qnoque
742 1383 838 1447 maria
851 1383 1083 1468 depressionem
1097 1383 1229 1450 delinire
1243 1383 1473 1506 aggrediamur.

186 1493 237 1558 Ac
250 1487 354 1577 primb
368 1490 495 1578 quidem
510 1488 709 1554 manifestum
722 1500 779 1566 eat,
802 1510 829 1553 n
819 1489 911 1554 sola
924 1489 1018 1556 Luna
1032 1511 1118 1557 mare
1135 1491 1278 1578 agitaret,
1299 1503 1367 1555 tum
1382 1491 1475 1556 mini-

186 1611 271 1664 r'nam
292 1621 383 1686 aquae
403 1596 600 1662 altitudinem
621 1597 821 1661 observatum
841 1595 891 1673 iri,
914 1617 953 1682 eo
973 1597 1043 1682 ipao
1056 1609 1226 1675 momento,
1248 1617 1312 1683 quo
1325 1596 1420 1663 Luna
1440 1599 1475 1662 in

185 1705 349 1770 horizonte
370 1715 530 1770 vertetur:
553 1715 647 1791 atque
667 1703 742 1766 hinc
761 1703 962 1789 perspicuum
977 1716 1033 1782 eat,
1056 1703 1140 1768 idem
1153 1705 1334 1770 usuvenire
1348 1705 1474 1782 debere,

187 1817 215 1881 ai
237 1817 293 1881 Sol
314 1815 425 1880 eodem
446 1825 606 1878 momento
620 1834 745 1900 qnoque
759 1812 793 1875 in
806 1811 968 1876 horizonte
983 1811 1105 1891 existet,
1127 1811 1161 1876 id
1176 1811 1260 1899 quod
1275 1812 1389 1876 eocidit
1402 1811 1476 1878 edm

186 1923 353 1988 noviluniis
374 1919 441 1985 ttlm
463 1919 651 2004 pleniluniis.
696 1918 856 1982 Proeterea
875 1916 950 1982 verb
973 1917 1066 1984 etiem
1087 1918 1151 1983 ima
1172 1941 1254 2004 equo
1274 1919 1477 2004 respondebit

187 2031 260 2094 aitui
277 2030 378 2094 Lunae
392 2028 427 2090 in
440 2026 612 2104 horizonte,
628 2024 655 2090 ai
669 2047 708 2088 eo
722 2037 864 2108 tempore
879 2024 936 2090 Sol
950 2025 1155 2104 meridianum
1166 2038 1307 2112 occupet,
1323 2026 1397 2112 qnia
1407 2040 1476 2094 tum

186 2138 234 2201 via
252 2134 334 2202 Solio
348 2156 406 2219 per
419 2132 557 2198 notabile
570 2131 720 2216 temporis
733 2129 934 2209 intervallum
946 2153 1048 2218 neque
1060 2145 1193 2219 nugetur
1207 2155 1266 2200 nec
1281 2134 1475 2214 diminuitur,

188 2245 309 2310 etiarnsi
324 2257 391 2308 turn
406 2263 487 2327 aqua
500 2261 565 2304 non
579 2249 701 2304 tontum
716 2238 919 2324 deprimatur,
942 2237 1036 2324 quun
1051 2239 1133 2303 cirea
1146 2239 1306 2323 novilunia
1320 2264 1357 2306 ao
1375 2242 1477 2329 pleni-

188 2352 305 2416 lunia*
331 2349 491 2414 Ponemus
511 2347 618 2434 igitur,
640 2342 705 2431 qud
726 2344 863 2430 reliquos
877 2365 967 2408 casua
981 2343 1168 2424 evolvamus,
1192 2344 1268 2410 dum
1283 2347 1379 2413 Luna⁴
1390 2347 1477 2412 hori·

189 2473 312 2526 nontam
326 2471 468 2543 occupat,
493 2455 600 2523 Solem
619 2455 660 2519 eb
680 2455 843 2518 horizonte
864 2455 1035 2532 removeri3
1057 2452 1119 2518 hoc
1133 2475 1209 2540 ergo
1224 2471 1298 2518 casu
1311 2477 1392 2542 equo
1410 2458 1477 2542 jem

189 2569 371 2646 elevabitur,
394 2589 439 2632 ex
460 2587 525 2652 quo
545 2585 674 2629 necesse
695 2574 745 2628 est
765 2562 861 2626 imam
883 2583 996 2647 nquam
1020 2573 1093 2626 ann
1115 2559 1284 2626 edventum
1309 2561 1412 2628 Lunae
1437 2548 1479 2628 ed

188 2678 383 2742 horizontem
398 2675 545 2751 extitisse
562 2668 673 2738 oontrti
685 2668 761 2735 verb
776 2669 802 2733 si
816 2668 893 2734 dum
916 2668 1010 2732 Luna
1023 2669 1057 2732 in
1070 2667 1232 2733 horizonte
1246 2682 1397 2750 versatur,
1422 2672 1479 2738 Sol

189 2784 235 2849 ed
251 2784 446 2849 horizontem
466 2781 708 2866 appropinquet,-
728 2797 809 2862 aqua
831 2770 951 2840 tordius
973 2773 1089 2840 seilicet
1108 2783 1181 2860 poet
1194 2775 1360 2862 appulsum
1377 2777 1479 2843 Lunae

190 2893 232 2958 ad
253 2893 448 2958 horizontem
468 2890 638 2975 continget.
681 2887 841 2950 Ponarnua
855 2885 960 2971 itaque
975 2885 1100 2949 Lunam
1114 2897 1187 2952 aute
1200 2898 1305 2950 ortum
1320 2887 1379 2952 sub
1393 2887 1479 2954 hori·

91 3021 94 3025 ’
176 3005 283 3066 'zonte
304 3000 379 3064 Hh
400 3000 434 3062 in
456 3003 473 3059 t
496 2996 599 3062 adhuc
620 2995 746 3073 versari,
772 2994 940 3081 Solemque
962 2995 995 3057 in
1018 2999 1047 3062 Θ,
1073 3017 1141 3060 ease
1161 2996 1308 3080 positum,
1332 2999 1416 3063 uude
1436 2999 1478 3064 ed

190 3106 398 3172 meridianum
423 3103 450 3168 P
466 3103 492 3167 Z
509 3103 545 3167 H
566 3101 797 3188 progrediatur,
820 3100 942 3186 hocque
957 3100 1027 3185 ipso
1041 3115 1200 3165 momento
1214 3125 1327 3188 equom
1342 3105 1479 3172 maxime

192 3238 260 3281 erae
281 3215 471 3300 depressam.
515 3211 653 3278 Necesse
673 3209 771 3297 igitur
789 3221 845 3286 est,
869 3220 904 3273 ut
918 3208 1151 3274 decrementum
1165 3225 1418 3280 momentaneum
1432 3217 1478 3281 vit

193 3325 295 3390 Lonoe
312 3321 353 3386 ad
371 3341 458 3384 mare
477 3318 667 3384 movendum
688 3316 810 3402 eequale
824 3317 864 3382 sit
877 3316 1070 3404 incremento
1083 3333 1301 3386 momentaneo
1315 3322 1361 3386 vis
1386 3323 1478 3389 Solis.

194 3431 246 3497 Ad
260 3430 344 3494 hanc
358 3427 567 3515 equalitatem
581 3425 801 3490 declarandam
814 3425 854 3489 sit
868 3425 974 3513 anguli
992 3431 1009 3486 l
1030 3425 1101 3492 ΡΟ
1115 3427 1157 3494 ad
1170 3428 1279 3513 polum
1294 3431 1398 3510 sumti,
1415 3432 1479 3496 dis·

191 3543 321 3606 tantiam
337 3541 440 3606 Lunae
455 3560 474 3601 a
488 3559 546 3601 suo
560 3547 633 3600 ortu
648 3533 680 3600 Ο
694 3534 869 3612 indicantis,
891 3536 977 3600 sinuo
991 3565 1026 3594 =
1041 3535 1074 3600 V
1087 3549 1119 3601 et
1133 3537 1258 3604 casinus
1271 3571 1306 3597 =
1322 3563 1351 3619 v,
1367 3540 1421 3628 qni
1436 3541 1478 3606 ob
1519 3531 1523 3542 ⁶

192 3648 342 3737 angulum
364 3651 382 3708 l
407 3643 483 3710 ΡΟ
506 3641 598 3708 valde
617 3640 749 3727 parvum
771 3641 840 3706 tutti
861 3642 942 3708 sinui
963 3646 1021 3709 toti
1044 3653 1059 3709 1
1078 3645 1206 3732 tequalls
1222 3647 1343 3734 concipi
1365 3661 1478 3735 potest.

193 3757 326 3821 Invento
349 3775 426 3841 ergo
442 3751 560 3839 angulo
581 3749 645 3814 hoe
672 3753 690 3810 l
713 3749 794 3815 ΡΟ
820 3772 876 3816 aeu
899 3773 975 3816 arcu
997 3753 1164 3841 aequatorit
1189 3753 1235 3818 illi
1260 3756 1477 3840 respondente,

191 3889 292 3953 eoque
304 3867 339 3930 in
353 3880 477 3950 tempus
491 3885 654 3945 eonverao,
669 3862 825 3928 oonstobit
838 3877 955 3949 quanto
970 3865 1118 3951 temporis
1136 3865 1298 3932 intervallo
1320 3869 1382 3934 imo
1398 3893 1479 3958 aquo
1504 3923 1510 3932 .

191 3975 358 4063 appulsum
379 3975 481 4044 Lunoe
501 3973 543 4037 ad
564 3970 760 4036 horizontem
783 3971 957 4056 precedat:
986 3972 1069 4038 idem
1092 3971 1167 4038 verb
1190 3975 1327 4042 calculus
1350 3988 1414 4042 tem
1438 3979 1479 4043 ad

193 4087 296 4150 Lunre
311 4105 455 4149 occanum
469 4081 564 4170 quim
575 4082 617 4148 ad
626 4081 835 4148 eooeesiouem
849 4081 930 4146 Solia
944 4081 985 4146 ad
999 4081 1193 4148 horizontem
1203 4083 1293 4150 facile
1304 4107 1480 4152 accommo-

192 4194 328 4260 debitur.

235 4311 261 4389 l.
273 4278 329 4371 oe.
353 4303 468 4368 Positis
483 4323 568 4365 nune
583 4303 614 4364 A
630 4313 661 4360 ‘t'
678 4325 698 4365 a
710 4313 869 4388 oequntore
884 4323 920 4364 nc
935 4311 968 4356 ἵ
980 4313 1011 4359 ‘t'
1025 4305 1056 4366 il
1074 4301 1226 4385 ecliptica,
1247 4301 1287 4366 sit
1300 4301 1490 4370 elevationis'

191 4413 258 4500 poli
284 4411 395 4478 Pb
371 4431 512 4476 arnus:
536 4409 573 4486 P,
597 4409 777 4472 cotinus=
804 4429 846 4493 p;
877 4408 961 4474 sinus
984 4407 1198 4473 declinationis
1221 4407 1324 4476 Lunae
1345 4409 1480 4487 boreulia

203 4563 322 4629 Μιτ-
287 4561 379 4640 -R,
396 4559 571 4627 cosinua=
584 4579 621 4635 r;
643 4579 684 4621 ex
699 4557 811 4644 quibus
825 4553 880 4622 fiet
894 4557 1000 4644 anguli
1017 4553 1133 4622 APO
1148 4556 1319 4624 corinun-
1285 4493 1480 4637 ..Q

1376 4645 1426 4708 pl·
