3284 5517
417 442 421 459 ,
551 374 615 445 ΕΤ
637 376 893 443 REFLUXUS
915 375 1075 443 MARIS.
1390 385 1450 442 om

453 637 738 704 PROPOSITIO
760 636 1174 703 VIII.-·PROBLEMA.

199 834 342 897 Invenire
355 836 553 899 variationem
567 794 706 899 ascensui
720 856 807 919 aquo
822 837 856 897 in
870 836 968 915 Prop.
988 834 1019 897 V
1029 806 1158 917 definiti,
1183 855 1249 917 quae
1263 857 1300 899 eo
1309 785 1418 919 figuret

571 945 677 1007 Tmo
690 940 891 1027 sphaeroidicri
899 943 1052 1026 prouenit.
1229 944 1235 954 ‘

209 1134 279 1200 Sint
303 1134 331 1199 P
353 1135 384 1198 A
405 1158 469 1221 pa,
497 1134 525 1200 P
548 1135 577 1199 B
598 1158 620 1221 p
641 1136 664 1199 b
685 1136 838 1200 sectiones
861 1135 973 1200 Terrae
993 1158 1051 1221 per
1072 1136 1162 1221 polos
1184 1134 1258 1200 Pet
1271 1157 1303 1220 ρ,
1321 1158 1453 1223 quarum

162 1242 250 1329 prior
276 1255 413 1306 transeat
434 1264 490 1326 per
511 1240 581 1305 loca
604 1241 634 1304 A
657 1252 689 1306 et
709 1265 738 1319 a,
760 1242 815 1306 ubi
837 1242 970 1331 altitudo
991 1265 1082 1329 aquae
1097 1244 1137 1313 'in
1158 1256 1316 1329 oequatore
1334 1243 1452 1307 viribus

35 1380 38 1387 ¹
165 1350 245 1414 Solis
261 1361 292 1413 et
308 1349 408 1412 Lunae
423 1349 460 1413 fit
473 1347 618 1425 maximo,
636 1348 791 1432 posterior
805 1371 864 1433 per
876 1348 948 1413 loca
969 1348 1080 1413 Beth

162 1454 217 1517 ubi
237 1454 274 1518 fit
289 1454 434 1530 minima3
457 1454 519 1517 sint
532 1452 584 1517 hae
599 1454 749 1517 sectiones
764 1454 919 1541 ellipticae,
942 1455 970 1517 F
989 1454 1076 1518 focus

81 1600 86 1611 ·
117 1559 121 1565 ’
162 1562 273 1651 figurae
297 1562 325 1627 P
347 1566 378 1627 A
400 1586 466 1649 pa,
490 1563 508 1626 s
527 1562 614 1628 focus
636 1562 779 1626 sectionis
806 1562 879 1627 PB
901 1584 924 1646 p
943 1562 975 1639 b,
1003 1574 1034 1625 et
1053 1585 1077 1648 g
1151 1567 1154 1578 '

161 1674 249 1737 focus
264 1674 407 1737 sectionis
423 1673 453 1736 A
466 1672 494 1737 B
506 1673 566 1737 ab.
599 1672 642 1738 Et
656 1673 683 1736 si
697 1694 803 1735 omnes
818 1670 969 1735 sectiones
985 1670 1076 1733 solidi

160 1804 217 1867 par
239 1794 356 1847 rectam
378 1782 408 1845 A
431 1805 450 1846 a
473 1793 667 1847 transeuntes
693 1778 909 1867 supponantur
932 1780 1075 1865 ellipticae

160 1888 280 1952 calculo
299 1889 377 1971 inito
399 1911 459 1973 ope
482 1888 654 1953 Lcmmotis
681 1887 721 1950 V.
746 1888 920 1949 invenimus
939 1888 1074 1975 gravita·
1118 1904 1147 1951 1³

160 2007 224 2059 tem
245 1996 278 2058 in
299 1996 369 2059 loco
394 1996 423 2059 A
445 1992 552 2059 versds
575 1994 708 2057 solidum
723 1992 784 2056 hoc
797 1992 865 2056 sore
878 1992 918 2056 ad
940 1992 1074 2079 gravita-

160 2113 224 2164 tem
245 2102 278 2163 in
300 2101 411 2165 eodem
431 2100 502 2164 loco
523 2097 629 2162 versds
645 2098 799 2183 sphaeram
814 2111 922 2162 centro
939 2100 967 2163 C
982 2120 1075 2182 super

159 2248 347 2313 diametrum
362 2250 394 2314 A
403 2272 422 2311 a
436 2247 624 2332 descriptam
639 2260 674 2311 ut
689 2256 701 2311 l
721 2258 753 2325 4
769 2206 1082 2373 Ἣ

164 2421 856 2587 49CF⁴÷60552>RP
668 2416 1478 2583 ¹l'§Nigidio-udmil->²3-:3-I—,3etsigmvi.¹

158 2642 206 2697 tas
227 2633 261 2695 in
282 2632 353 2695 loco
376 2628 415 2706 B,
441 2628 608 2692 definiatur
630 2628 722 2691 simili
742 2630 873 2708 calculo,
890 2653 951 2716 ope
965 2627 1105 2715 ejusdem
1121 2626 1291 2691 Lemmatis
1306 2638 1337 2690 et
1351 2627 1448 2692 schol.

159 2739 312 2828 Prop.11.
329 2738 484 2803 constabit
498 2737 577 2801 ratio
591 2738 750 2823 gravitatis
765 2739 798 2801 in
809 2739 841 2802 A
853 2740 893 2804 ad
907 2740 1090 2827 gravitatem
1104 2734 1138 2798 in
1154 2735 1192 2812 B,
1209 2746 1242 2798 et
1255 2756 1311 2819 per
1328 2734 1402 2799 Cor.
1415 2744 1447 2799 t.

160 2848 256 2935 Prop.
272 2850 300 2915 Ι.
316 2850 489 2913 innotescet
503 2838 816 2913 semi-diametrorum
834 2849 862 2914 C
875 2851 906 2913 A
918 2862 949 2913 et
961 2849 989 2914 C
1001 2848 1029 2913 B
1041 2845 1217 2910 differentia
1228 2848 1292 2911 sire
1303 2870 1449 2913 ascensus

158 2980 257 3043 aquae.
302 2954 423 3020 Verdm
438 2954 592 3019 calculum
607 2954 715 3040 utpote
729 2958 888 3041 prolixum
902 2958 1084 3034 omittimus,
1101 2954 1173 3019 ciun
1188 2956 1228 3019 sit
1241 2956 1348 3045 exigui
1363 2958 1447 3022 usius.

160 3066 235 3131 Hic
258 3065 477 3151 Propositione
499 3064 662 3129 ostendere
677 3066 798 3130 tantdm
813 3069 898 3132 volui
919 3068 1124 3156 geometriam
1138 3068 1229 3131 nobis
1243 3090 1308 3131 non
1323 3054 1448 3132 defutu·
1497 3061 1499 3066 ¹

157 3200 225 3241 ram
246 3178 279 3239 in
302 3174 500 3241 Problemate
522 3172 725 3237 celeberrimo
747 3174 975 3240 accuratissime
996 3167 1176 3239 tractando.>
1212 3172 1332 3239 Verirm
1351 3186 1448 3240 restat

158 3283 336 3368 praecipuus
350 3283 385 3345 in
398 3280 458 3344 hac
473 3280 686 3365 disquisitione
700 3281 812 3360 nodus,
829 3282 870 3346 de
884 3304 947 3369 quo
962 3304 1062 3367 pauca
1077 3294 1149 3346 sunt
1163 3282 1314 3345 addenda

457 3516 743 3583 PROPOSITIO
766 3496 1146 3583 IX.-PROBLEMA.

455 3716 598 3781 Invenire
611 3718 670 3779 vim
685 3716 785 3780 Lunae
800 3718 845 3779 od
860 3739 942 3780 more
961 3716 1142 3779 movendum

202 3908 286 3973 Haec
308 3930 348 3973 cx
368 3908 505 3973 motibus
519 3909 697 3975 coelestibus
713 3908 817 3996 colligi
838 3908 956 3995 nequit,
973 3905 1088 3971 sivero
1103 3904 1281 3971 conferetur
1296 3920 1443 3965 ascensus
1519 3897 1523 3904 ’

157 4038 246 4103 equae
269 4016 303 4078 in
327 4016 459 4103 syzygiis
484 4016 693 4093 luminarium,
721 4017 775 4104 qui
804 4038 847 4081 ex
875 4014 996 4079 summi
1025 4013 1138 4079 virium
1170 4011 1252 4079 Solis
1281 4022 1314 4075 et
1341 4009 1444 4075 Lunoe

155 4133 337 4208 generatur,
360 4143 433 4185 cum
454 4123 593 4207 ejusdem
615 4144 744 4187 ascensu
768 4124 800 4185 in
823 4123 1030 4209 quadraturis,
1046 4122 1100 4207 qui
1114 4142 1155 4185 ex
1170 4118 1340 4183 earundem
1354 4117 1444 4182 diffe-

156 4232 257 4295 rentia
271 4232 380 4307 oritur,
397 4252 436 4294 ex
451 4232 482 4293 vi
498 4232 579 4296 Solis
593 4254 651 4317 per
668 4232 763 4315 Prop.
779 4232 819 4296 V.
836 4230 919 4308 dati,
939 4230 1114 4294 invenietur
1128 4230 1174 4291 vis
1191 4228 1302 4292 Lunae.
1346 4226 1444 4291 Hanc

156 4341 269 4427 quaerit
290 4340 463 4404 Newtonus
484 4362 524 4404 ex
545 4340 811 4404 observationibus
826 4364 845 4403 a
861 4342 945 4405 Sam.
963 4339 1103 4403 Sturmio
1117 4350 1189 4401 ante
1204 4336 1319 4399 ostium
1342 4333 1446 4399 Fluvii
1582 4404 1586 4411 .

157 4452 280 4513 Avonae
302 4450 459 4526 institutis,
483 4470 523 4512 ex
545 4449 656 4535 quibus
673 4449 791 4535 colligit
805 4472 967 4513 ascensum
982 4470 1071 4533 aquae
1090 4449 1123 4510 in
1137 4447 1270 4533 syzygiis
1286 4444 1445 4531 aequinoc-

155 4562 281 4625 tialibus
303 4583 369 4625 esse
392 4559 432 4625 ad
453 4580 615 4624 ascensum
630 4582 719 4645 aquae
740 4559 773 4621 in
788 4559 986 4645 quadraturis
1000 4557 1120 4635 iisdem,
1142 4569 1178 4620 ut
1192 4566 1212 4621 9
1228 4555 1269 4619 ad
1284 4565 1313 4620 5.
1358 4553 1445 4618 Dein

155 4684 228 4755 post
241 4672 343 4735 varios
357 4671 495 4736 calculos
511 4669 670 4735 concludit
685 4668 748 4732 vim
761 4670 939 4733 Lunaeesse
949 4668 989 4730 ad
1000 4667 1065 4731 vim
1080 4666 1173 4743 Solis,
1188 4662 1401 4728 ut4.4815nd
1416 4670 1444 4738 l,

775 4773 793 4822 S
808 4780 824 4821 8
