3284 5517
124 416 128 429 ·
217 402 281 464 aas
464 341 732 471 moursrrro
755 390 960 459 nursica
983 389 1035 456 m
1056 388 1254 459 causam

214 584 275 637 tur.
321 570 375 636 Ob
397 570 479 635 hane
500 572 583 635 enirn
608 572 707 657 ipsam
728 570 907 635 facultatem
919 590 1036 655 corpus
1054 568 1088 632 in
1103 582 1191 634 motu
1205 570 1343 654 positum
1358 570 1420 635 alia
1433 593 1505 635 cor·

213 702 302 765 pora,
327 700 398 766 quae
424 679 473 743 vel
494 662 591 764 ipsius
612 680 711 745 motui
734 678 851 744 directi
873 692 946 743 sunt
966 678 1121 763 oppositu,
1143 679 1194 743 vel
1214 681 1281 764 ejus
1300 679 1504 745 directionem

216 800 338 851 mutare
353 797 479 873 cogunt,
503 785 544 849 ad
559 798 679 849 motum
694 784 859 862 sollicitat3
880 798 973 871 atque
994 785 1093 871 priori
1114 806 1190 849 casu
1203 786 1322 872 regulae
1335 786 1504 851 collisionis

215 913 394 977 corporum,
417 892 582 977 posteriori
605 891 680 957 verit
694 893 740 955 vis
755 890 938 979 centrii'ugae
958 892 1081 956 indoles
1094 904 1128 957 et
1139 892 1345 978 proprietatos
1358 895 1505 959 oriuntur

215 1024 253 1066 ac
267 1002 530 1066 demonstrantur.
575 1000 659 1066 cnm
680 1001 776 1089 igitur
798 1002 903 1065 omnia
916 1022 1050 1085 corpora
1063 1004 1221 1067 terrestria
1236 1014 1301 1067 tam
1313 1003 1421 1072 versis
1444 1006 1505 1071 So-

179 1164 181 1171 ,
215 1108 288 1186 lem,
304 1106 398 1194 quam
420 1106 528 1173 vereris
549 1108 674 1173 Lunam
693 1106 847 1193 perpetuo
861 1106 1074 1185 sollicitentur,
1097 1130 1190 1172 causa
1204 1108 1298 1194 hujus
1312 1110 1505 1177 sollicitatio·

219 1218 268 1281 nis
283 1218 433 1281 continuo
448 1216 592 1301 appulsui
607 1216 745 1280 materiae
760 1214 921 1300 cujusdem
935 1214 1067 1292 subtilis,
1088 1214 1139 1277 vel
1152 1214 1185 1277 vi
1197 1215 1379 1302 centrilugae
1394 1219 1508 1285 similis

215 1324 355 1389 materiae
385 1323 479 1387 tribui
499 1321 644 1387 'debebit
704 1320 807 1385 Priori
827 1321 924 1408 igitur
952 1342 1027 1384 casu
1051 1320 1213 1385 materiam
1236 1322 1383 1387 subtilem
1411 1326 1507 1409 stanti

216 1442 385 1516 oporteret,
402 1451 473 1515 quae
488 1440 666 1493 constanter
679 1426 800 1492 summai
815 1426 981 1511 rapiditate
994 1424 1067 1491 ciam
1078 1424 1119 1492 ad
1132 1426 1237 1491 Solem
1247 1425 1315 1492 tiam
1324 1428 1365 1491 ad
1378 1429 1505 1499 Lunam
1582 1506 1586 1513 ,

216 1534 369 1602 ferretur:
392 1534 572 1622 hujusmodi
587 1536 661 1599 vero
676 1533 858 1620 hypothesis
872 1533 915 1597 ob
929 1533 1082 1599 maximas
1096 1530 1305 1611 diffindtates,
1327 1536 1442 1621 quibus
1457 1554 1505 1603 est

216 1644 365 1722 involuta,
392 1642 513 1709 admitti
538 1641 668 1706 minime
690 1654 803 1727 potest.
860 1640 968 1707 Primd
992 1640 1078 1705 enim
1102 1640 1255 1726 perpetui>
1273 1644 1362 1707 noris
1385 1646 1504 1713 viribus

217 1761 299 1813 esset
313 1770 403 1834 opus,
426 1772 498 1836 quae
512 1747 673 1813 materiam
687 1748 833 1814 subtilem
847 1746 1058 1815 indesinenter
1072 1745 1180 1813 versis
1196 1748 1302 1816 solem
1317 1748 1505 1839 Lunamque

216 1858 377 1943 pellerent,
405 1856 466 1943 qui
496 1856 623 1943 quidem
653 1878 688 1922 re
717 1856 849 1943 quaestio
876 1856 941 1921 non
970 1858 1119 1942 majorem
1145 1856 1504 1944 lucemassequeretur.

216 1963 342 2043 Deinde
375 1964 445 2028 talis
476 1979 580 2029 motus
611 1986 670 2049 per
697 1964 816 2029 sedin
844 1963 1015 2030 consistere
1038 1983 1103 2027 non
1131 1974 1247 2047 posset,
1273 1978 1404 2048 propter
1430 1988 1504 2050 per-

219 2086 350 2159 petuum
371 2074 511 2139 materie
532 2074 654 2139 subtilis
666 2073 716 2153 ‚sd
736 2072 846 2138 eadem
858 2072 929 2137 loca
951 2070 1103 2137 effluxum
1129 2070 1312 2159 nullumque
1337 2073 1505 2163 refluxum,

217 2194 253 2248 ut
278 2197 435 2249 taceamus
464 2182 526 2248 alia
550 2184 688 2248 maxima
716 2181 915 2247 incommode
942 2202 1015 2247 caru
1047 2180 1221 2247 aausmodi
1248 2180 1404 2265 positione
1431 2204 1505 2267 per·

217 2293 325 2357 mixta.
655 2298 659 2309 '
1272 2334 1275 2337 ⁴

260 2405 284 2482 t.
303 2408 354 2465 ra.
379 2400 516 2466 Exclusi
540 2403 634 2490 igitur
656 2404 794 2468 materiae
816 2400 938 2467 subtilis
958 2398 1107 2467 continui
1121 2399 1271 2478 allisione,
1296 2414 1443 2487 tanquam
1462 2400 1506 2465 ad

215 2504 298 2569 vires
320 2503 392 2571 caim
413 2507 456 2571 sd
478 2509 583 2573 Solem
599 2507 667 2573 tim
684 2510 808 2575 Lunam
822 2509 986 2574 tendentes
1004 2507 1223 2593 producendas
1237 2508 1364 2572 minime
1378 2508 1503 2585 idonei,

219 2610 281 2675 alia
296 2612 406 2677 haram
421 2614 534 2678 virium
548 2636 641 2679 causa
655 2636 719 2679 non
734 2616 930 2701 relinquitur,
946 2615 1006 2678 nisi
1020 2635 1091 2699 quae
1105 2613 1139 2677 in
1153 2614 1184 2676 vi
1198 2613 1372 2700 oenuisugt
1386 2616 1505 2679 consis-

181 2784 183 2791 ,
215 2728 270 2791 tat.
317 2717 594 2793 Quemadmodum
616 2733 721 2783 autem
744 2721 874 2784 materie
895 2718 1016 2788 subtilis
1037 2719 1071 2781 in
1093 2740 1206 2805 gyrum
1219 2732 1289 2783 acta
1302 2741 1340 2783 ac
1354 2720 1505 2785 vorticem

215 2819 355 2884 formans
379 2844 442 2885 non
465 2822 568 2887 solrim
588 2824 692 2887 animo
707 2825 840 2908 concipi,
860 2824 1024 2889 sedetiam
1038 2824 1073 2887 in
1087 2822 1205 2887 mundo
1219 2824 1385 2907 persistere
1400 2840 1504 2911 queat,

214 2930 281 3013 jam
306 2930 380 2993 satis
404 2950 560 3015 superque
585 2943 632 2995 est
656 2930 844 3015 expositum,
868 2929 942 2997 crim
970 2930 1004 2995 in
1026 2929 1303 3007 dissertationibus,
1334 2952 1406 3017 quae
1432 2930 1505 2998 calm

215 3041 348 3125 quaestio
363 3040 404 3105 de
418 3040 510 3105 causti
533 3042 747 3129 gravitationis
769 3043 949 3129 agitaretur,
973 3041 1080 3105 laudes
1094 3041 1309 3107 illustrissimae
1325 3045 1505 3119 Academiae

215 3151 426 3229 merebantur,
450 3150 519 3216 nim
541 3153 633 3217 etiam
653 3154 687 3215 in
701 3154 769 3217 aliis
784 3154 951 3237 operibus;
972 3154 1086 3239 quibus
1108 3154 1142 3217 in
1162 3154 1239 3220 locis
1253 3155 1346 3220 simul
1367 3158 1504 3227 dilucide

214 3267 261 3319 cst
282 3270 451 3335 ostensum,
476 3259 639 3343 quomodo
661 3259 812 3343 ejusmodi
834 3259 966 3324 vortices
987 3272 1183 3344 comparatos
1199 3284 1275 3333 ,csse
1294 3277 1446 3347 oporteat,
1469 3279 1506 3331 ut

217 3366 297 3430 vires
319 3368 502 3455 certarifugae
524 3369 602 3433 fient
622 3369 782 3455 quadratis
802 3368 1019 3436 distantiarum
1041 3392 1060 3433 a
1081 3384 1189 3438 centro
1204 3372 1329 3435 vorticis
1345 3374 1504 3459 reciproce

216 3478 478 3560 proportionales.
525 3480 607 3557 Quae
629 3500 679 3543 res
701 3477 773 3541 crim
794 3498 867 3541 meo
888 3478 1014 3564 quidem
1034 3478 1153 3562 judicio
1175 3480 1241 3563 jam
1263 3493 1327 3545 tarn
1348 3482 1444 3567 plana
1464 3486 1505 3549 sit
1524 3452 1541 3475 ⁶

214 3585 305 3664 sacta,
322 3600 357 3651 ut
371 3589 424 3651 vix
439 3589 606 3674 quicquam
622 3589 661 3652 ad
677 3608 815 3672 praesens
830 3572 1006 3651 institutum
1020 3588 1153 3653 attinens
1168 3588 1260 3673 adjici
1282 3603 1384 3675 queat,
1408 3593 1504 3656 vorti·

213 3714 286 3759 cum
312 3696 452 3779 ulteriori
481 3696 618 3761 examini
645 3698 712 3760 sine
743 3696 808 3761 ulla
834 3695 1029 3761 hesitatione
1053 3696 1307 3780 supersedemus3
1340 3700 1435 3786 idque
1463 3699 1503 3765 ed

216 3805 326 3891 magis,
348 3804 433 3890 qudd
457 3804 658 3869 celeberrima
680 3802 852 3867 Academia
871 3804 1024 3887 ejusmodi
1049 3805 1185 3889 amplam
1210 3819 1303 3891 atque
1332 3806 1412 3871 adeo
1434 3809 1503 3893 jam

212 3912 385 3978 conlectam
400 3914 624 4001 digressionem
638 3912 799 3997 postulare
812 3912 899 3975 haud
913 3911 1064 3977 videatur.
1097 3913 1256 3988 Quoniam
1270 3914 1361 3988 enim,
1368 3918 1502 4001 quaestio

213 4020 253 4083 de
269 4042 362 4084 causa
376 4021 536 4108 gravitatis
552 4020 623 4085 crim
638 4018 745 4083 versis
761 4019 895 4084 Terram
909 4017 977 4085 nim
991 4022 1084 4085 etiam
1103 4020 1211 4087 versis
1227 4023 1333 4087 Solem
1347 4037 1380 4089 et
1392 4025 1503 4109 plane·

210 4140 258 4192 tas
275 4130 340 4214 jam
363 4130 437 4192 satis
459 4145 506 4193 est
527 4128 710 4215 investigata
731 4150 767 4191 ac
789 4128 944 4203 diremts3
974 4149 1058 4192 nunc
1078 4127 1215 4214 quidem,
1238 4130 1266 4192 si
1287 4131 1501 4218 cujuscunque

213 4236 414 4321 phaenomeni
429 4259 532 4327 ‚causa
556 4234 594 4301 eit
620 4235 713 4300 fuerit
741 4236 902 4321 perducta,
931 4236 1049 4301 ibidem
1078 4238 1336 4322 acquiescendum
1364 4240 1499 4319 videtur,

210 4366 312 4430 neque
335 4358 438 4409 actum
461 4345 585 4432 mendo
606 4344 710 4409 denuit
725 4345 758 4409 in
774 4345 865 4411 causi
879 4346 1040 4432 gravitatis
1058 4347 1271 4434 investigandi
1285 4348 1418 4413 nimium
1440 4352 1499 4415 im-

208 4452 325 4514 morari
350 4452 557 4515 conveniret.¹
591 4451 738 4538 Denique
767 4453 800 4515 in
828 4454 978 4537 praesenti
1001 4455 1128 4542 negotio
1156 4454 1298 4520 sufficere
1325 4470 1442 4540 posset,
1470 4459 1500 4523 si

209 4556 304 4623 enus
325 4558 420 4621 maris
442 4580 537 4621 cause
558 4556 661 4622 adhuc
682 4559 776 4623 tantis
798 4560 934 4624 tenebris
949 4561 1097 4633 obvoluta
1110 4562 1152 4625 ad
1165 4562 1226 4628 alia
1238 4563 1375 4627 maxime
1389 4577 1501 4649 aperta

190 4706 193 4709 -
208 4660 418 4755 phaenomena
432 4662 609 4741 reducatur,
633 4686 766 4749 quorum
782 4685 878 4730 causa
891 4686 956 4729 non
971 4665 1072 4731 soltim
1092 4668 1224 4733 habetur
1238 4670 1419 4753 probabilis,
1442 4670 1498 4737 aed
