3284 5517
154 392 264 457 Lrnun
280 395 460 476 Turturum]
508 396 748 462 PRINClPlA
772 398 1144 466 MATHEMATICA.
1399 409 1439 466 95
1495 416 1498 424 ’

154 564 334 640 Quinetiam
348 566 374 629 si
388 567 420 629 in
431 567 561 653 praefati
573 569 718 655 ellipseos
728 570 922 636 revolutione
936 586 1087 657 punctum
1098 572 1229 660 quodvis
1241 573 1274 637 N
1283 574 1441 639 describat

151 674 303 739 circulum
318 675 352 739 N
368 677 418 755 M,
435 692 590 743 secantem
605 679 770 763 parallelos
792 680 818 745 F
833 680 855 757 f,
872 681 906 745 D
921 682 942 743 d
961 681 994 744 in
1008 681 1085 744 locis
1100 682 1260 767 quibusvis
1285 683 1327 760 R,
1344 684 1385 760 T,
1409 695 1444 747 et

153 798 345 873 aequatorem
361 792 392 853 A
410 790 439 854 E
453 792 487 853 in
504 792 544 867 S;
567 790 627 855 erit
643 792 670 855 C
688 790 721 855 N
734 792 868 856 altitudo
880 793 975 855 maris
989 792 1022 854 in
1036 792 1113 855 locis
1127 792 1274 856 omnibus
1290 794 1332 869 R,
1350 795 1384 871 S,
1397 795 1439 873 T,

155 898 221 961 eltis
236 898 269 961 in
283 899 345 962 hoc
361 898 486 963 circulo.
534 900 623 965 Hinc
636 901 669 963 in
683 900 876 965 revolutione
891 899 1004 965 diurni
1023 900 1085 964 loci
1099 902 1233 985 cujusvis
1251 900 1289 977 F,
1305 900 1440 969 affluxus

149 1010 209 1073 erit
222 1010 378 1073 maximus
392 1009 426 1073 in
442 1010 478 1087 F,
494 1010 572 1075 hori
587 1009 676 1074 tertii
691 1022 763 1095 post
773 1009 940 1095 appulsum
952 1008 1055 1073 Lunoe
1065 1008 1107 1073 ad
1121 1008 1331 1075 meridianum
1340 1032 1439 1094 supro

149 1119 354 1195 horizontem,
382 1130 492 1204 postea
520 1118 664 1182 defluxus
693 1120 849 1183 maximus
877 1119 910 1182 in
937 1117 971 1194 Q
995 1115 1075 1180 hori
1096 1116 1185 1181 tertii
1203 1130 1277 1203 poet
1292 1140 1439 1185 occasum

151 1226 263 1303 Lunae,
286 1226 360 1290 dein
382 1226 515 1291 affluxue
537 1228 692 1291 maximus
713 1227 746 1291 in
768 1226 785 1289 f
800 1226 879 1291 hori
898 1226 988 1292 tertii
1007 1239 1079 1312 post
1097 1227 1265 1312 appulsum
1280 1228 1382 1295 Lunae
1396 1232 1438 1295 ad

148 1334 356 1399 meridianum
371 1334 451 1398 infra
464 1334 657 1399 horizontem
668 1358 677 1410 ;
700 1334 810 1399 ultimo
825 1335 970 1401 defluxus
983 1337 1140 1403 maximus
1153 1338 1187 1403 in
1205 1338 1239 1414 Q
1250 1338 1330 1405 hori
1345 1342 1437 1407 tertii

148 1459 221 1533 post
245 1458 350 1511 ortum
368 1446 487 1522 Lunoe3
510 1458 542 1511 et
563 1444 700 1511 effluxae
717 1448 873 1531 posterior
894 1448 927 1511 in
948 1447 968 1511 s
982 1448 1042 1512 erit
1062 1449 1166 1513 minor
1187 1447 1282 1535 quim
1301 1449 1438 1515 affluxus

150 1560 239 1645 prior
253 1558 285 1621 in
302 1558 340 1624 F.
383 1557 597 1645 Distinguitur
611 1559 692 1624 enirn
709 1580 795 1625 mere
810 1570 910 1625 totum
925 1559 958 1624 in
973 1558 1055 1625 duos
1066 1555 1197 1625 omuino
1210 1560 1324 1625 fluctus
1338 1560 1438 1625 hemi-

151 1668 331 1754 sphaericos,
347 1688 446 1731 unum
460 1666 682 1752 hemisphaerio
706 1666 738 1733 K
755 1666 791 1731 H
805 1666 828 1731 k
843 1666 883 1731 ad
898 1669 1027 1731 boream
1041 1680 1232 1755 vergentem,
1255 1668 1389 1733 alterum
1404 1670 1437 1733 in

146 1774 368 1861 hemispherio
390 1776 535 1861 opposito
559 1774 593 1841 K
607 1775 629 1839 h
643 1776 682 1851 k;
705 1798 783 1861 quos
805 1775 901 1863 igitur
921 1777 1051 1843 fluctum
1072 1776 1232 1864 borealem
1252 1789 1284 1840 et
1302 1777 1433 1842 fluctum

146 1888 313 1953 ambulem
328 1886 491 1953 nominare
507 1887 588 1953 licet.
635 1886 684 1951 Hi
697 1887 810 1958 fluctus
825 1909 951 1972 semper
964 1888 1024 1954 sibi
1038 1886 1148 1954 mutuo
1159 1889 1295 1974 oppositi
1307 1891 1436 1955 veniunt
1485 1933 1490 1943 ·
1528 1947 1532 1956 ,

146 1998 301 2083 pervices
315 1996 357 2063 ad
370 1996 559 2065 meridianos
574 1995 716 2060 locorum
738 1994 943 2082 singulorum,
965 1996 1148 2081 interposito
1161 1995 1326 2061 intervallo
1340 1997 1435 2062 bora-

144 2128 215 2171 rum
236 2105 395 2171 lunarium
415 2104 593 2171 duodecim.
639 2102 782 2190 Cquue
804 2104 948 2191 regiones
968 2104 1110 2171 borealea
1129 2107 1229 2194 megia
1247 2109 1437 2193 participent

144 2214 276 2281 fluctum
291 2212 458 2289 borealem,
476 2224 509 2277 ct
522 2212 671 2279 australes
686 2213 785 2300 magis
800 2213 977 2291 australem,
994 2214 1069 2279 inde
1079 2216 1223 2283 oriuntur
1237 2230 1332 2284 vestm
1343 2218 1436 2285 alter·

145 2326 194 2389 nis
209 2324 328 2389 vicibus
343 2326 475 2411 majores
490 2338 521 2387 et
535 2323 681 2400 minores,
706 2324 739 2387 in
753 2322 830 2389 locis
845 2324 976 2411 singulis
989 2337 1080 2389 extra
1095 2340 1296 2413 oequetorem,
1319 2330 1352 2396 in
1367 2331 1436 2415 qui-

144 2440 203 2503 bus
225 2437 391 2502 luminaria
405 2436 549 2500 oriuntur
563 2448 595 2499 et
609 2433 765 2499 occidunt.
812 2434 926 2498 AEstus
941 2448 1046 2499 eutem
1060 2439 1170 2523 major,
1187 2438 1279 2504 Luni
1295 2439 1328 2501 in
1342 2440 1436 2502 verti.

145 2570 213 2613 cem
228 2546 290 2611 loci
305 2545 490 2623 declinante,
508 2544 624 2609 incidet
638 2544 670 2608 in
685 2542 795 2609 horam
807 2542 930 2609 circiter
941 2544 1063 2608 tertiam
1073 2557 1144 2630 post
1153 2544 1319 2634 appulsum
1332 2546 1436 2610 Lunoe

145 2660 186 2723 ed
201 2656 409 2723 meridianum
424 2678 520 2742 supro
532 2656 737 2735 horizontem,
750 2668 781 2721 et
793 2653 885 2720 Luni
896 2653 1136 2721 declinationem
1147 2670 1287 2721 mutante
1298 2671 1436 2722 vertetur

146 2844 178 2899 A,
190 2842 228 2890 vel
240 2843 270 2901 C,
281 2852 305 2893 d
317 2845 339 2893 B
349 2843 385 2893 rel
398 2845 432 2902 D,
443 2840 587 2891 iotflnedl'u
596 2838 663 2891 fluidi
673 2842 773 2904 parlim·
805 2841 838 2890 rit
852 2856 902 2893 tete
916 2851 1041 2904 componet
1057 2842 1082 2891 in
1093 2841 1193 2906 fimum
1203 2841 1358 2903 mbaeroldem
1368 2843 1438 2907 cuiue

144 2908 175 2955 lte
186 2917 308 2971 utramque
318 2908 476 2957 conditionem
486 2906 639 2969 participent3
654 2922 703 2969 quo
719 2906 774 2953 rici·
807 2906 858 2953 uia
875 2916 910 2955 eet
926 2918 989 2955 recta
1006 2908 1071 2965 AC,
1087 2923 1141 2970 qun
1157 2908 1270 2969 producta
1284 2922 1326 2968 per
1341 2906 1436 2957 Lunam

144 2972 357 3021 niorermntlluldi
368 2970 775 3035 umuupmpuneurcen,
806 2971 919 3018 moabie
950 2970 1115 3031 lliuepateti
1141 2971 1281 3023 immutuit
1292 2971 1316 3019 in
1327 2972 1438 3032 ephterni-

144 3034 467 3149 wintere
619 3056 667 3162 ¹„
806 3034 861 3083 Μ
871 3034 999 3099 um
1008 3035 1102 3085 ‘m'
1112 2987 1205 3085 m.
1540 3032 1546 3045 '

144 3175 174 3211 ut
198 3164 221 3211 G
244 3164 275 3221 Τ,
297 3166 345 3213 rim
368 3166 467 3226 proprie
842 3165 894 3211 lot.
911 3160 987 3209 Simili
998 3171 1138 3224 argumento
1147 3172 1211 3223 patet
1221 3161 1366 3212 concldemti
1378 3163 1439 3210 Solio

145 3228 264 3290 gravitatis
282 3243 362 3277 versut
382 3229 467 3278 Tmi-
807 3224 1240 3287 aetiooefluidumterreureeomponi
1251 3226 1438 3286 iuaphoeroidem

146 3293 205 3343 nuit.
230 3302 254 3338 et
276 3307 322 3367 quo
349 3295 468 3353 propiores
523 3323 553 3373 l,
807 3290 933 3351 oblongum
950 3290 1017 3352 cujus
1027 3290 1077 3337 uis
1087 3290 1215 3351 productus
1229 3303 1271 3350 per
1285 3290 1363 3339 Solem
1374 3299 1438 3337 tren·

145 3366 304 3413 suntpuuctrs
319 3356 377 3405 Bet
389 3356 422 3415 D,
439 3354 469 3404 ed
807 3363 845 3401 nt.
882 3353 986 3401 sienim
1003 3353 1224 3417 (inipprmeedd
1243 3352 1328 3415 globos
1348 3354 1370 3400 L
1389 3368 1438 3404 noo

144 3418 262 3482 graviores
289 3419 357 3473 liunt.
386 3420 468 3469 eadem
810 3418 908 3467 Lunam
918 3417 959 3464 red
972 3418 1051 3465 &lem
1060 3418 1174 3480 dedguet,
1185 3427 1271 3465 cotue
1279 3433 1304 3466 ee
1315 3419 1401 3465 hebent
1411 3426 1439 3464 ut

145 3484 208 3531 euim
230 3483 291 3531 aetio
312 3483 400 3532 lunerle
420 3483 469 3532 aire
808 3480 887 3542 rupti.
917 3481 988 3529 Atio
998 3482 1043 3528 boe
1053 3496 1108 3532 cusu
1119 3482 1197 3532 minor
1206 3481 1251 3528 erit
1260 3479 1333 3542 quim
1343 3480 1369 3527 in
1379 3480 1437 3527 alte-

144 3549 180 3595 rio
199 3556 226 3593 ut
246 3546 311 3602 PG,
331 3548 468 3611 paulutum
518 3560 547 3610 Β
807 3558 835 3592 ro
850 3545 931 3593 arium
946 3545 1084 3593 differentia.
1119 3546 1184 3597 Nam
1200 3543 1266 3596 lluidi
1282 3554 1361 3591 tumor
1376 3544 1401 3590 ln
1416 3544 1437 3595 C

144 3610 262 3672 propriam
281 3623 359 3677 auget.
405 3612 469 3669 Quia
808 3609 865 3656 hine
879 3609 955 3657 oriorr
969 3607 1032 3671 quod
1047 3608 1147 3659 liuidum
1164 3607 1240 3671 nugis
1249 3610 1348 3671 graritot
1358 3622 1438 3657 remus

145 3672 200 3721 ἀπὸ
216 3675 301 3737 globus
322 3678 344 3723 A
361 3676 382 3725 B
397 3678 417 3725 C
435 3677 469 3735 D,
808 3672 904 3721 Lunum
915 3672 987 3736 quim
997 3672 1099 3720 Telluris
1107 3684 1215 3721 centrum
1227 3672 1256 3726 T.
1269 3680 1348 3719 mmor
1358 3681 1438 3724 eutem

145 3738 220 3787 fluido
230 3740 286 3787 satis
295 3739 414 3800 profundo
424 3756 470 3787 un.
808 3735 875 3784 fluldl
890 3738 916 3783 ln
934 3740 965 3795 Α,
981 3736 1038 3783 lude
1051 3737 1156 3796 promit
1165 3736 1230 3798 qudi
1242 3736 1321 3787 Tm
1331 3745 1438 3783 temtum

145 3801 218 3865 diqod
230 3812 352 3864 coopertus
367 3805 469 3865 ponitur,
807 3801 884 3865 magio
901 3800 974 3864 quim
991 3799 1189 3847 domomum·
1208 3799 1303 3850 Lunam
1321 3801 1437 3862 gmvitet3

146 3865 213 3914 fluidi
234 3876 312 3915 eutem
334 3880 411 3929 portet
432 3882 470 3915 ee.
808 3880 887 3927 quare.
905 3867 926 3911 ri
942 3866 992 3911 burc
1010 3864 1109 3912 elevetio
1128 3864 1189 3911 Solis
1207 3862 1293 3911 actioni
1314 3864 1437 3919 tribuatur,

144 3930 206 3978 dunt
220 3930 242 3976 ri
261 3931 402 3995 cuicumque
418 3932 469 3979 illa·
509 3942 512 3947 '
656 3968 658 3971 .
807 3928 1158 3989 minareriteffectutquamrir
1165 3927 1226 3975 aetio
1235 3926 1296 3974 Solio
1306 3926 1330 3973 in
1341 3928 1438 3975 Termm

144 4004 176 4042 tae
190 4004 214 4041 et
227 3994 331 4043 cedendo
340 3995 409 4044 mole
420 4012 471 4047 mo·
808 3994 885 4057 major
894 3991 924 4039 rit
933 3991 1005 4055 quim
1016 3993 1077 4039 ectio
1088 3992 1166 4039 Lunae
1176 3992 1200 4036 in
1212 3990 1327 4049 camdem,
1337 3991 1440 4039 Telluri·

145 4068 231 4105 rentur
248 4056 310 4105 inter
323 4074 355 4113 ee,
371 4058 472 4109 fluidum
809 4058 872 4103 euim
883 4056 1065 4104 aemi-diameter
1076 4056 1099 4105 T
1112 4054 1180 4103 Cvel
1193 4056 1215 4105 Τ
1228 4056 1251 4101 A
1263 4054 1311 4101 lere
1324 4054 1442 4103 ermercit

145 4120 205 4169 illud
220 4136 300 4169 remur
317 4124 340 4171 A
352 4133 376 4171 et
389 4124 410 4171 C
427 4138 469 4184 po·
810 4126 915 4181 respectu
927 4119 1048 4168 immense
1059 4118 1121 4167 Soti·
1130 4135 1145 4166 e
1156 4118 1232 4169 tent
1241 4118 1364 4176 diuortio,
1375 4117 1441 4167 ided-

145 4184 217 4232 eitum
233 4201 248 4233 ι
263 4184 337 4233 fluido
353 4202 434 4234 remus
448 4189 469 4235 B
810 4200 857 4246 que
867 4184 935 4231 fluidi
946 4184 971 4231 in
984 4184 1005 4231 C
1016 4184 1086 4231 limati
1100 4183 1201 4246 gravitas
1210 4198 1290 4229 rmus
1302 4184 1381 4231 Solem
1397 4183 1443 4231 erit

145 4258 170 4295 et
189 4249 222 4305 D,
238 4249 314 4310 pou'to
331 4252 471 4313 expelletur,
810 4248 976 4295 insensibiliter
1000 4248 1075 4309 major
1099 4246 1211 4308 gravitate
1234 4247 1336 4294 Telluris
1361 4262 1443 4297 venua

147 4311 223 4361 leriae
233 4312 324 4362 reilicet
334 4331 348 4362 a
360 4315 471 4378 periore,
812 4312 923 4367 eundem,
934 4321 959 4359 et
968 4309 1035 4358 tuidi
1044 4312 1070 4357 iu
1085 4313 1106 4357 A
1119 4310 1187 4369 potiti
1197 4311 1298 4373 grauiter
1307 4326 1388 4359 versus
1399 4314 1443 4359 So-

149 4376 272 4424 attolletur
295 4377 352 4443 ergd
373 4378 473 4427 fluidum
811 4376 858 4423 leur
877 4375 923 4423 erit
939 4374 1102 4425 insensibiliter
1117 4374 1194 4421 minor
1209 4378 1322 4436 gravitate
1339 4376 1444 4427 Telluris

149 4454 231 4488 versuo
243 4442 267 4489 A
279 4450 303 4489 et
315 4444 343 4500 c,
359 4442 473 4503 deprimo·
811 4454 892 4487 veron
908 4438 1018 4495 eundem,
1037 4452 1109 4500 quare
1128 4437 1203 4500 ligura
1224 4438 1368 4500 eplroeroidea
1387 4438 1444 4487 inde

147 4514 233 4566 torque
251 4520 330 4553 vereor
351 4507 373 4555 B
392 4516 416 4555 et
436 4507 469 4563 D,
812 4504 892 4566 genita
910 4516 994 4563 parum
1014 4504 1154 4552 intumescet
1171 4503 1201 4549 ad
1217 4504 1314 4553 vertices
1334 4506 1355 4553 C
1370 4515 1395 4551 et
1410 4506 1444 4558 A»

148 4566 223 4616 donec
234 4568 321 4619 teilicet
332 4570 407 4634 major
417 4569 485 4619 fluitb'
495 4569 569 4619 molet
583 4580 607 4618 et
621 4568 779 4618 altitudo'ma·
813 4582 943 4629 latumque
958 4565 983 4612 in
999 4566 1088 4613 circulo
1101 4566 1123 4614 B
1136 4566 1162 4614 D
1177 4566 1327 4628 deprimetur,
1342 4577 1445 4615 ettunen

145 4632 222 4694 jurem
234 4634 370 4697 parietem
380 4643 522 4695 compenset,
534 4644 558 4683 et
568 4634 656 4697 ubique
668 4634 780 4681 constitu·
814 4642 908 4691 propter
924 4631 1050 4677 immensas
1069 4631 1130 4678 Solia
1144 4630 1199 4678 licet
1214 4630 1361 4680 remotirn'mi
1379 4631 1445 4685 riter.

149 4704 202 4745 atur
218 4697 381 4762 equititum.
415 4700 565 4761 Quapropter
583 4698 716 4761 superficies
731 4712 779 4748 ma·
813 4694 897 4761 aliquit
906 4694 950 4742 erit
960 4694 1058 4743 aetionis
1066 4695 1147 4745 soluit
1156 4695 1260 4744 effectus.

771 4784 816 4833 12
