3284 5517
95 4566 101 4572 ·
172 4554 206 4623 ÷

172 393 235 451 268
423 384 690 461 INQUISITIO
715 385 920 452 PHYSICA
945 385 995 451 [N
1021 383 1215 452 CAUSAM

172 579 264 644 nqnoe
279 557 414 646 figurem
432 558 567 623 admisso
587 571 674 623 motu
689 557 803 624 diurno
818 557 930 622 Terrae
946 555 1081 647 ufigurd
1096 555 1300 643 sphaeroidicd
1316 579 1384 622 esse
1399 555 1464 622 dis·

173 680 380 751 crepeturum.
427 668 631 753 Qudpropter
645 669 679 732 in
692 667 754 732 hoc
767 668 896 755 negotio
911 665 1052 732 sufficere
1065 679 1178 752 potest,
1195 665 1231 743 si,
1248 665 1350 731 Terrti
1367 666 1464 731 insttu

173 772 307 857 sphaeroe
328 773 475 860 persectae
495 774 701 870 considered,
724 772 909 838 definiemus
930 785 1078 860 quantem
1092 771 1299 836 differentiam
1318 773 1353 836 in
1373 793 1463 859 equae

174 879 278 967 figmd
300 879 382 945 vires
396 879 469 946 edm
491 881 573 945 Solis
594 878 663 945 tdm
684 881 789 946 Lunae
808 881 1004 965 producunt:
1026 875 1087 944 hto
1101 879 1184 944 enim
1198 877 1413 957 determinati,
1436 881 1463 944 si

175 987 207 1052 T
207 1009 286 1052 errae
307 1002 412 1054 motus
433 987 595 1076 vertiginis
615 990 806 1067 restituatur,
829 989 1030 1074 perspicuum
1050 987 1110 1053 erit
1131 999 1229 1052 totum
1246 987 1381 1076 figurem
1403 987 1462 1051 sub

175 1109 335 1182 aequutore
355 1097 572 1176 intumescere,
594 1099 653 1162 sub
673 1097 755 1183 polis
774 1109 881 1162 eutem
902 1097 1082 1174 subsidere;
1104 1097 1148 1162 ite
1168 1108 1272 1186 tumen
1293 1109 1329 1160 ut
1347 1096 1462 1185 ubique

173 1202 284 1268 eodem
306 1203 356 1268 vel
377 1203 509 1268 elevatio
528 1203 579 1268 vel
599 1203 760 1288 depressio
780 1225 871 1289 nquoe
891 1225 911 1268 e
931 1202 1050 1268 viribus
1070 1202 1153 1268 Solis
1173 1203 1312 1269 Lunaere
1325 1217 1460 1270 manent

174 1308 320 1394 Namque
341 1309 368 1372 si
390 1309 456 1373 ulle
477 1310 571 1374 etism
592 1310 725 1374 varietus
753 1310 788 1373 in
808 1322 889 1374 oestu
909 1311 1003 1374 maris
1025 1333 1045 1374 e
1060 1322 1154 1375 motu
1167 1311 1327 1398 vertiginis
1349 1309 1461 1376 Terroe

172 1417 398 1503 proficiscetur,
422 1441 459 1482 eo
472 1417 594 1482 calculo
606 1429 800 1482 monstrante
812 1438 968 1504 nusquam
981 1419 1080 1504 major
1095 1439 1163 1483 esse
1175 1415 1279 1503 potest
1297 1431 1386 1504 perte
1401 1423 1461 1506 ,ᾗ

174 1523 271 1590 ostiis
285 1524 407 1607 totalisj
426 1523 547 1588 tantille
560 1536 664 1590 eutem
678 1523 854 1590 differentia
867 1525 970 1588 notari
983 1545 1049 1589 non
1063 1537 1209 1603 meretur,
1226 1545 1327 1612 neque
1338 1524 1380 1588 ob
1391 1547 1461 1588 enm

173 1619 299 1695 enusani
320 1653 425 1716 operoe
445 1629 582 1717 pretium
603 1643 651 1694 est
671 1643 736 1694 tam
757 1630 958 1714 complicatos
980 1643 1013 1695 et
1033 1632 1191 1696 abstrusos
1212 1631 1347 1696 calculos
1369 1631 1458 1708 inire,

173 1737 216 1802 ed
230 1759 309 1823 quos
321 1736 549 1822 perveniretur,
572 1736 599 1800 si
620 1737 732 1800 Terroe
745 1735 851 1824 figura
863 1737 1012 1802 neturelis
1026 1761 1046 1802 a
1060 1736 1211 1822 sphaerion
1226 1737 1348 1804 diverse
1362 1761 1459 1824 pone·

172 1859 270 1926 retur,
292 1859 386 1933 etque
404 1845 533 1932 insuper
547 1845 593 1910 vis
607 1845 781 1933 centrisugn
793 1867 815 1910 a
827 1857 915 1910 motu
929 1845 1088 1932 vertiginis
1104 1845 1215 1910 Terrae
1229 1847 1262 1910 in
1277 1859 1459 1932 computum

173 1953 351 2018 duceretur.

215 2066 239 2144 ᾗ.
256 2069 308 2126 84.
335 2059 388 2124 Ad
404 2081 531 2124 mrvmn
546 2058 642 2146 igitur
663 2081 683 2124 a
696 2057 738 2124 M
751 2058 773 2122 d
788 2059 820 2138 b,
844 2061 896 2125 cui
909 2081 947 2124 ee
961 2081 1031 2146 quee
1046 2083 1085 2126 ex
1100 2060 1195 2126 elteri
1211 2075 1300 2149 porte
1315 2063 1382 2128 axis
1405 2062 1459 2128 ob

173 2167 281 2232 similis
295 2179 344 2232 est
357 2179 390 2231 et
403 2165 542 2252 oequalis,
558 2165 836 2244 determinandam,
851 2180 987 2252 ponetur
1000 2168 1047 2232 vis
1061 2169 1203 2236 obsolute
1217 2170 1282 2234 sive
1299 2169 1379 2234 Solis
1396 2171 1459 2234 sive

176 2277 277 2341 Lunae
298 2275 332 2338 in
356 2275 379 2340 S
401 2274 612 2338 existentis:
633 2274 667 2351 S,
690 2273 836 2338 distentia
858 2273 926 2339 OS
946 2297 979 2334 τ.-
998 2297 1026 2353 a,
1051 2295 1089 2339 ac
1107 2274 1201 2340 ducte
1223 2277 1460 2342 semi-ordinate

173 2381 214 2448 M
235 2382 263 2447 P
283 2394 413 2446 vooetur
434 2380 463 2444 C
487 2380 516 2444 P
540 2403 573 2439 =
599 2401 632 2457 x,
654 2392 687 2444 et
708 2379 793 2446 PM
814 2403 847 2440 =
866 2401 897 2466 y.
942 2379 995 2444 Ex
1015 2381 1205 2466 precedenti
1228 2381 1325 2470 igitur
1347 2384 1459 2468 Cupite

170 2495 338 2561 habebitur
351 2493 408 2570 vis,
424 2488 486 2578 quei
500 2502 653 2577 punctum
668 2489 709 2555 M
722 2489 773 2554 vel
785 2513 805 2554 n
821 2489 895 2556 Sole
909 2487 958 2554 vel
974 2489 1066 2554 Luni
1081 2491 1189 2558 versus
1202 2491 1230 2556 C
1241 2493 1404 2580 urgebitur
1420 2517 1453 2552 ε.-

170 2602 480 2790 {Qffi
495 2641 624 2727 insuper
637 2652 740 2704 eutem
755 2637 839 2703 idem
853 2651 1004 2725 punctum
1020 2637 1062 2704 M
1075 2639 1289 2704 sollicitabitur
1310 2640 1342 2704 in
1357 2641 1458 2704 direc-

171 2814 1457 3000 noneunnomnauucvssffiffgJJ-ffissg}

172 3023 295 3089 Proeter
309 3023 366 3089 hes
380 3023 456 3089 verb
469 3023 551 3090 iires
565 3037 718 3108 puuctum
739 3021 779 3088 M
800 3022 952 3108 gravitate
965 3021 1098 3086 naturali
1119 3021 1267 3086 deorsum
1286 3021 1412 3105 peditur
1425 3023 1457 3086 vi

176 3137 242 3193 ==1
268 3129 440 3195 secundiim
461 3129 664 3196 directionem
688 3129 784 3206 MC,
806 3129 849 3190 ite
872 3141 908 3192 ut
929 3137 1081 3213 punctum
1109 3127 1148 3191 M
1175 3128 1214 3192 nb
1235 3127 1379 3192 omnibus
1407 3127 1457 3193 bis

169 3238 289 3303 viribus
314 3239 506 3324 conjunctim
529 3238 562 3302 in
588 3237 759 3302 directione
783 3233 823 3298 M
848 3235 876 3300 C
901 3233 1048 3298 deorsum
1074 3246 1223 3321 urgentur
1248 3233 1279 3296 vi
1307 3257 1339 3292 ,τ
1371 3241 1385 3296 l
1417 3243 1450 3310 -Ι-

168 3345 477 3532 W
496 3385 552 3449 ubi
573 3387 616 3450 ob
639 3394 654 3448 l
681 3405 813 3470 sequens
835 3383 987 3447 terminus
1009 3381 1077 3448 tutd
1099 3381 1216 3470 negligi
1237 3392 1350 3466 potest,
1372 3393 1404 3445 ct
1422 3380 1456 3446 in

168 3557 1348 3746 ffiffl⁰⁶⁰⁰0vMRfi=ffiU÷ffzbd⁴pffQ
1378 3616 1455 3680 que
1513 3637 1517 3642 .

169 3787 240 3828 rum
280 3767 414 3834 dunum
456 3770 569 3834 virium
612 3769 640 3832 si
684 3765 725 3832 M
763 3767 795 3832 N
823 3681 973 3850 ypdnutur
1015 3763 1120 3830 medic
1162 3679 1314 3842 directiyo,y
1347 3765 1456 3852 prodi·

168 3875 215 3938 bit
250 3899 309 3962 per
343 3879 468 3968 regulae
505 3877 737 3965 compositionis
770 3876 875 3940 mettis
911 3873 1018 3962 anguli
1056 3871 1084 3938 C
1116 3873 1156 3938 M
1181 3873 1214 3938 N
1248 3886 1379 3963 tangens
1418 3899 1451 3938 =

178 3983 960 4118 Q
1022 4039 1071 4083 uoe
1093 4017 1245 4084 divisione
1269 4031 1342 4084 netu
1367 4021 1456 4085 insti·

169 4089 224 4146 28
272 4085 304 4147 os
324 4088 538 4173 (ΧΗ-Π)
559 4094 591 4160 †
611 4043 1021 4170 QSaQy-dxqu

169 4189 246 4268 tunt,
266 4191 367 4279 iisque
387 4195 526 4260 terminis
539 4192 689 4281 neglectis
704 4193 737 4256 in
752 4215 886 4279 quorum
900 4193 1185 4274 denominetur-ibus
1202 4217 1222 4258 n
1242 4195 1347 4280 plures
1361 4192 1456 4281 quini

168 4340 669 4424 u¹¹⁸t1¹⁰r⁰bt1¹¹etffi¹¹¹0¹¹⁸i⁰¹¹³2
684 4341 750 4406 ὠὴ
763 4341 796 4404 ³¹¹
809 4341 892 4406 ¹²²¹¹⁰
907 4343 1139 4427 ⁰¹P¹⁶⁵⁵⁵⁰¹¹⁸¹¹¹
1154 4406 1193 4468 ιν
1204 4314 1262 4488 us(
1272 4305 1337 4467 dd
1344 4328 1376 4482 d
1391 4404 1455 4491 tr)

230 4511 326 4646 33⁴5
342 4515 375 4595 (4
390 4536 413 4575 Χ
428 4514 603 4631 Χ-Η),
619 4573 691 4638 qum
705 4549 1042 4636 esteoipsuformule,
1059 4551 1120 4639 qud
1135 4551 1181 4616 vis
1198 4544 1238 4614 M
1255 4551 1285 4615 R
1300 4549 1456 4635 exprime-

229 4615 590 4699 2u14(xx†yy)
