3284 5517
129 377 208 443 ca
223 376 286 459 n]
501 374 567 441 an
590 374 812 443 nsnmnu
835 372 1033 443 uranon.
1326 373 1406 443 xes

126 550 228 638 igitur,
246 550 356 628 nune,
373 551 509 619 fixam
524 573 561 617 ac
575 551 712 620 siderum
727 550 867 616 omniurn
877 548 967 617 exuti
976 549 1427 637 temu'mtnosphu.

125 660 368 737 constitutorum,
383 659 417 721 in
431 658 558 743 paribus
573 658 720 722 avertice
735 656 1192 725 distantiis-fiemus
1205 660 1351 745 aquales.

165 774 218 831 26.
253 764 398 831 Siderum
425 762 569 829 refrsotio
594 764 635 829 ad
661 764 800 851 singulos
829 764 1003 829 altitudinis
1031 764 1160 853 gradus,
1189 766 1407 837 observatione

123 875 244 941 deliniri
268 888 380 961 potest.
425 874 505 941 Esto
530 874 568 941 H
594 874 625 939 R
649 872 789 950 horizon,
818 873 848 937 P
870 873 964 958 polus
984 874 1106 952 mundi,
1129 874 1176 943 [Ε
1197 875 1233 951 Q
1252 886 1406 962 sequmor,

124 984 248 1049 PZH
268 985 469 1061 meridianus,
493 982 607 1049 ZSV
627 982 762 1047 arculus
786 980 952 1061 verticalis,
977 981 1095 1048 PSD
1117 994 1149 1047 et
1171 982 1276 1061 Psd,
1297 983 1414 1054 circuli

123 1089 345 1157 declinationis.
405 1088 510 1157 salla
538 1087 612 1151 fixae
650 1088 678 1151 F
705 1084 806 1175 propd

122 1197 225 1263 zenitb
253 1200 427 1265 constitutae
456 1198 638 1262 observetur
673 1194 805 1261 altitudo

121 1307 292 1373 meridiana
326 1306 364 1373 H
398 1306 436 1383 F,
473 1328 544 1393 quae
572 1326 592 1373 a
620 1302 806 1369 rebactione

120 1416 219 1481 libera
239 1427 295 1499 est,
322 1426 354 1481 et
377 1412 451 1483 indi
472 1424 601 1477 eruatur
621 1412 688 1497 ejus
710 1410 806 1477 decli-

119 1526 206 1587 natio
230 1523 319 1589 FAE
338 1522 416 1606 (14).
471 1519 598 1586 Deinde
623 1520 805 1589 observetur
875 1575 884 1616 ἱ

31 1718 32 1725 ¹
119 1630 259 1717 ejusdem
287 1628 385 1695 stella
412 1630 446 1696 in
478 1630 502 1695 S
528 1628 642 1717 positas
672 1626 805 1695 altitudo

30 1728 40 1769 ‘·
118 1738 266 1827 quaeuhet
293 1736 372 1815 SV,
395 1749 427 1803 et
440 1758 500 1821 ope
514 1727 669 1825 horologii
683 1734 803 1803 oscilla-

118 1846 190 1911 torii
207 1857 331 1911 notetur
343 1856 465 1931 tempus
478 1844 562 1935 quod
577 1845 658 1909 inter
670 1844 804 1929 primam
848 1848 884 1908 H
938 1847 944 1864 ‘

119 1971 150 2024 et
170 1956 343 2023 secundam
361 1956 609 2021 observationem
629 1956 803 2035 intercerh't

116 2080 148 2133 et
162 2066 340 2134 inveniatur
353 2086 444 2131 arcus
459 2064 627 2151 aeqaamris
642 2063 687 2129 AE
702 2064 736 2129 D
751 2065 806 2151 qui

115 2196 153 2238 eo
183 2187 325 2259 tempore
352 2192 411 2257 per
445 2170 652 2235 meridianum
683 2172 805 2235 amsiit

30 2288 31 2295 ’
114 2282 197 2365 (16).
244 2280 341 2347 Stella
363 2300 435 2365 quae
460 2280 501 2343 ob
526 2278 745 2343 refractionem
770 2280 804 2343 in

113 2389 186 2455 loco
210 2386 310 2453 altiori
332 2398 493 2474 supparet
514 2388 554 2453 sit
574 2387 682 2453 reversi
704 2388 738 2453 in
760 2389 795 2469 S,
819 2389 880 2457 erit
902 2390 930 2459 P
946 2392 971 2461 S
985 2391 1019 2461 D
1034 2394 1170 2464 meatus
1191 2396 1409 2468 declinationis

114 2496 215 2565 stelloe
235 2497 268 2562 in
292 2498 316 2563 S
337 2496 523 2573 constitutae,
547 2508 579 2561 et
597 2498 631 2563 in
653 2497 812 2587 triangulo
836 2502 906 2566 ΡΖ
923 2502 957 2579 S,
980 2503 1106 2569 dabitur
1127 2507 1260 2596 angulus
1284 2508 1310 2573 Z
1328 2508 1415 2584 PS,.

113 2613 204 2697 cujus
224 2632 371 2674 mensura
391 2618 439 2673 est
460 2630 550 2674 arcus
567 2606 612 2673 AE
628 2609 661 2674 D
685 2632 754 2675 cum
777 2610 875 2677 latere
894 2611 922 2676 P
937 2612 964 2677 Z
978 2612 1064 2698 quod
1078 2626 1125 2678 est
1137 2614 1285 2680 distantia
1307 2616 1374 2700 poli
1388 2636 1409 2679 a

113 2722 230 2786 vertice
246 2734 276 2785 et
290 2720 387 2787 latere
403 2721 432 2785 P
444 2722 476 2799 S,
493 2718 579 2808 quod
593 2731 640 2783 est
654 2714 873 2784 declinationis
884 2720 918 2785 D
932 2720 1022 2785 Sseu
1035 2720 1080 2784 ΖΕ
1093 2720 1405 2807 Fcomplementum,

33 2832 37 2839 '
113 2830 200 2915 unde
221 2830 379 2895 invenitur
400 2829 481 2895 latus
504 2830 531 2895 Z
554 2830 577 2895 S
597 2852 668 2893 cum
683 2830 848 2895 altitudine
865 2830 889 2895 S
904 2828 944 2905 V,
961 2831 1192 2915 complemento
1206 2832 1313 2898 lateris
1330 2834 1356 2898 Z
1373 2836 1408 2899 S.

113 2940 147 3004 Si
173 2938 253 3032 ergd
275 2963 316 3005 ex
337 2938 500 3005 altitudine
522 2936 683 3003 observati
714 2956 729 2999 s
754 2938 796 3015 V,
821 2936 1016 3002 subducatur
1035 2938 1168 3004 altitudo
1181 2941 1310 3006 inventa
1326 2942 1351 3008 S
1365 2942 1407 3020 V,

109 3069 184 3135 qnae
200 3072 219 3113 s
234 3047 419 3121 refractione
433 3046 531 3117 libera
545 3056 602 3125 est,
618 3044 746 3110 dabitur
760 3066 852 3109 amus
868 3046 929 3122 Ss,
945 3044 1091 3109 retractio
1105 3046 1204 3111 stellae
1218 3047 1250 3110 in
1266 3047 1412 3135 quolibet

108 3136 215 3243 g'ran
238 3154 422 3223 aetuans.
468 3154 545 3219 Hoc
563 3152 660 3217 mon>
683 3153 727 3218 n.
744 3152 799 3218 ne
816 3152 850 3218 n
871 3152 955 3217 rnre
974 3152 1008 3216 in
1030 3153 1163 3222 naues
1178 3156 1410 3223 astronomica

108 3260 290 3325 observavit
303 3260 503 3325 refractiones
519 3258 655 3323 siderum
671 3258 801 3323 diversis
816 3258 892 3323 anni
906 3260 1153 3345 tempestatibus,
1170 3262 1204 3326 in
1219 3264 1289 3348 pari
1304 3262 1409 3328 altitu·

107 3368 184 3436 dine
199 3370 325 3435 easdem
348 3393 415 3434 esse
437 3370 576 3454 exceptis
591 3368 829 3434 refractionibus
848 3366 932 3433 circi
945 3368 1139 3434 horizontem
1154 3392 1232 3456 quas
1250 3370 1410 3435 nonnullis

106 3476 328 3543 inconstantiis
350 3477 502 3542 obnoxias
514 3490 662 3563 expertus
685 3489 744 3555 est,
768 3474 862 3563 atque
885 3476 960 3541 hino
981 3477 1106 3542 unicam
1128 3480 1268 3543 tabulam
1294 3478 1410 3543 refrac-

106 3585 235 3649 tionum
251 3606 292 3648 ex
307 3584 382 3669 ipsis
397 3581 667 3647 observationibus
682 3581 850 3645 deductam
865 3582 1035 3661 constituit,
1047 3604 1142 3669 qnam
1151 3596 1262 3668 postes
1272 3584 1409 3651 correxit

106 3694 152 3759 D.
181 3690 343 3767 Cassinus,
367 3702 398 3753 et
419 3686 455 3753 eti
478 3686 617 3753 correcti
641 3698 772 3753 utuntur
793 3690 974 3753 astronomi.
1024 3690 1184 3765 Quoniam
1208 3690 1284 3755 verb
1304 3692 1408 3757 radio·

105 3823 180 3865 rum
205 3798 283 3863 lucis
305 3798 339 3861 in
361 3796 601 3883 atmosphoeram
623 3796 833 3860 incidentium
855 3796 1021 3882 obliquitas
1043 3818 1116 3861 cum
1130 3798 1241 3861 sideris
1255 3822 1276 3861 a
1290 3798 1407 3865 vertice

105 3902 260 3969 distantiis
283 3903 404 3980 crescit,
427 3902 538 3966 iisdem
560 3900 832 3967 observationibus
853 3900 975 3966 invenit
997 3901 1198 3968 retractiones
1224 3904 1363 3971 siderum
1388 3930 1409 3971 a

103 4012 229 4077 vertice
245 4010 285 4075 ad
299 4008 494 4073 horizontem
510 4008 608 4096 usqud
624 4010 678 4073 ubi
692 4008 841 4073 maximae
855 4020 939 4086 sunt,
956 4008 1247 4097 continnbauger13
1274 4025 1307 4076 at
1321 4012 1408 4099 quod

104 4141 147 4182 ex
170 4116 285 4181 alienis
307 4116 577 4180 observationibus
602 4116 809 4201 supponebat,
835 4114 982 4180 videlieet
1006 4114 1207 4180 refractiones
1232 4116 1407 4185 borealium

102 4226 278 4315 regionum
293 4222 360 4310 ipsi
376 4222 468 4287 etiam
484 4234 600 4300 aestate,
617 4218 713 4309 louge
724 4222 859 4307 majores
873 4244 942 4286 esse
957 4220 1051 4309 quim
1065 4222 1099 4286 in
1113 4223 1201 4287 zonis
1216 4228 1405 4311 temperatis,

102 4332 136 4399 id
160 4332 296 4397 minime
318 4354 426 4395 verum
448 4354 515 4396 esse
537 4330 709 4395 ostendunt
735 4330 944 4394 accuratiores
969 4329 1201 4395 observationes
1231 4333 1271 4397 ab
1295 4332 1406 4400 acade-

101 4442 199 4506 micis
232 4438 457 4505 Parisienslbus
488 4438 528 4502 ad
559 4438 711 4503 circulum
739 4438 880 4522 polarem
910 4434 1036 4513 habitae,
1065 4436 1178 4524 quibus
1206 4439 1406 4509 refractiones
1475 4480 1480 4496 ·

101 4550 208 4616 etiam
229 4546 440 4614 horizontales
464 4546 690 4613 Parisiensibus
713 4544 849 4631 aequales
870 4546 1065 4611 invenerunt.
1110 4547 1192 4613 Vide
1206 4548 1338 4616 Domini
1352 4552 1406 4619 De

731 4653 748 4701 b
758 4657 774 4699 4
