3284 5517
451 364 644 437 FLUXUS
664 366 727 433 ΔΟ
752 358 1190 457 nunuuxus'mulus.
1398 382 1461 441 261

177 540 280 609 'reru
299 560 359 607 ssu
382 552 526 607 centrum
552 538 745 617 sollicitatur,
772 550 804 605 st
830 540 1005 618 conuenire,
1030 540 1093 605 boc
1113 541 1185 627 ipso
1210 540 1322 610 Terrae
1344 558 1464 611 motum

174 650 380 715 curvilineum
400 663 434 715 et
454 648 683 737 inusqushilsm,
706 648 824 734 quippe
845 649 900 734 qui
925 648 966 714 ab
989 648 1101 714 iisdem
1121 650 1239 717 viribus
1261 652 1370 731 oritur,
1396 654 1464 719 ndi·

172 780 304 825 memus.
350 760 459 838 Quare
484 761 510 826 si
535 761 663 845 insuper
684 759 744 824 toti
766 760 878 824 Terroe
898 772 1020 827 unctum
1040 762 1194 848 oequclem
1216 775 1249 829 et
1270 766 1463 829 contrarium

172 866 228 946 illi,
244 889 309 954 quo
323 879 394 933 uoto
408 866 517 945 fertur,
539 866 724 951 impressum
738 866 961 951 concipiemus,
984 867 1194 935 obtinebimus
1215 882 1313 935 totam
1328 870 1462 939 Terram

172 974 392 1061 quiescentem,
415 986 509 1061 utque
534 974 629 1039 etism
650 993 736 1037 nunc
760 986 866 1059 pertus
891 974 1023 1059 perinde
1047 977 1251 1065 agitabuntur
1275 993 1308 1045 et
1326 982 1409 1046 inter
1427 1004 1462 1047 se

171 1082 460 1160 commovebuntur,
482 1102 520 1145 uc
540 1080 567 1145 si
586 1078 688 1145 nullus
709 1080 886 1145 istiusmodi
905 1082 1093 1147 mutationes
1113 1084 1333 1153 intulissemus.
1379 1089 1461 1165 Qui·

172 1188 249 1255 libet
263 1202 369 1257 nutem
380 1188 472 1255 fecild
493 1188 654 1275 percipiet,
676 1200 829 1276 quantum
849 1210 891 1255 ex
910 1190 972 1257 bric
992 1192 1174 1261 reductione
1188 1196 1362 1263 subsidium
1376 1222 1459 1264 usse·

46 1377 48 1382 ¹
170 1318 321 1382 qnumnr3
343 1295 443 1361 multd
463 1295 549 1361 enim
569 1294 689 1361 uuum
710 1296 771 1361 erit
786 1297 990 1376 mutationes,
1012 1320 1085 1384 quse
1105 1301 1139 1365 in
1164 1302 1232 1388 ipsi
1254 1304 1356 1369 Terris
1377 1307 1459 1371 neci·

174 1404 262 1483 dunt,
285 1404 449 1489 percipere
470 1416 564 1490 utque
585 1403 750 1488 explicare,
773 1404 800 1469 si
821 1416 963 1469 centrum
985 1405 1098 1473 Terrue
1118 1411 1324 1475 constituatur
1347 1412 1459 1477 immo-

168 1522 246 1588 tum,
270 1510 364 1595 quim
386 1510 412 1574 si
434 1508 536 1575 totalis
557 1520 660 1575 motus
685 1510 879 1598 singularum
903 1511 1040 1596 partium
1061 1515 1197 1579 motibus
1219 1528 1300 1581 esset
1320 1520 1458 1602 permix-

171 1630 231 1681 tus.
277 1616 374 1681 Hunc
395 1616 436 1681 ob
459 1638 526 1681 rem
547 1615 606 1680 istd
622 1615 804 1681 reductione
818 1616 880 1703 qui
895 1630 1037 1682 centrum
1052 1619 1165 1685 Tenue
1178 1623 1212 1687 in
1225 1625 1361 1710 quietem
1375 1626 1459 1690 redi-

167 1724 262 1811 gitur,
285 1721 439 1809 perpetud
460 1736 595 1801 utemur,
618 1722 682 1809 qud
703 1722 913 1807 phoenombno
933 1724 1028 1789 cestius
1042 1728 1146 1807 meris,
1169 1732 1276 1814 prouti
1299 1733 1333 1796 in
1355 1732 1457 1799 Tetri
1552 1749 1556 1755 ⁴

168 1836 296 1901 immoti
312 1834 421 1899 sentiri
436 1834 561 1911 debent,
578 1832 746 1911 eliciamus,
762 1832 880 1919 qnippe
893 1834 948 1919 qui
962 1846 1010 1899 est
1023 1857 1113 1902 cesus
1127 1840 1287 1920 nsmrulis,
1308 1842 1349 1906 ud
1364 1866 1458 1929 quem

167 1966 277 2007 omnes
299 1942 533 2007 obsewutioues
553 1952 627 2005 sunt
646 1940 900 2017 accomodate,
923 1962 1033 2007 omnes
1046 1943 1123 2011 vero
1136 1945 1267 2013 theorice
1281 1970 1458 2015 accomme-

166 2054 236 2117 dnri
254 2051 378 2116 debent.

207 2166 233 2243 ᾗ.
251 2168 303 2223 24.
328 2158 532 2243 Concipiutur
552 2178 637 2221 nunc
651 2154 753 2221 Terra
767 2166 833 2221 totu
854 2169 1003 2244 tunquam
1022 2158 1135 2246 globus
1156 2164 1188 2229 A
1204 2164 1238 2229 Ι)
1254 2165 1329 2229 ΒΕ
1350 2168 1456 2255 urgeri

167 2268 209 2331 ed
233 2268 339 2333 Solem
361 2266 526 2332 Lunemve
543 2266 577 2329 in
599 2267 622 2331 S
635 2265 831 2345 existentem,
854 2269 942 2351 cnjus
956 2268 1003 2333 vis
1017 2269 1160 2337 absoluto
1174 2296 1230 2339 sen
1244 2297 1291 2353 eu,
1314 2298 1409 2362 quem
1422 2278 1457 2340 in

164 2375 310 2441 distantid
331 2398 351 2439 u
370 2386 479 2440 centro
501 2396 560 2439 suo
583 2374 607 2439 S
627 2374 872 2439 semi-diametro
892 2376 1004 2441 Terre

164 2487 277 2574 oequali
308 2488 417 2564 exerit,
449 2487 541 2550 sit:
567 2484 602 2563 S,
632 2484 779 2549 distantia
807 2485 882 2549 verb
909 2486 1008 2551 centri

166 2596 277 2661 Terrre
301 2594 329 2659 C
350 2593 390 2659 cb
414 2594 437 2661 S
458 2616 514 2657 seu
538 2592 606 2663 C.S
626 2604 810 2678 pensum:
827 2616 865 2669 ας
887 2592 1008 2680 eritque

165 2704 211 2767 vis
233 2700 445 2777 accelcrstrix,
469 2700 530 2787 qud
552 2712 618 2767 totu
640 2699 742 2765 Terra
760 2712 909 2787 tunquam
929 2702 1007 2766 inc

164 2856 294 2923 collecta
308 2854 524 2919 sollicitabitur
538 2852 572 2918 in
585 2852 756 2919 directione
775 2854 804 2919 C
815 2855 848 2933 S,
870 2879 902 2915 =
925 2809 1003 2975 IS?

165 3023 424 3109 Contemplemur
447 3022 515 3107 jons
543 3020 728 3106 partiendum
753 3020 866 3085 Terrae
893 3040 1003 3106 quum·

163 3154 287 3219 cunque
312 3130 351 3196 M
376 3131 465 3216 cujus
491 3129 568 3194 situs
590 3130 634 3194 itu
659 3130 699 3193 uit
722 3126 880 3207 definitum,
905 3140 941 3193 ut
964 3128 1005 3194 sit

165 3238 476 3307 CP=xetPM
496 3238 747 3322 =y,existente
771 3236 1004 3302 MPuommli

164 3356 205 3419 nd
222 3356 250 3419 C
264 3356 306 3431 S3
328 3352 403 3416 hinc
417 3351 513 3439 igitur
527 3348 693 3413 habebitur
708 3350 733 3413 S
748 3348 776 3413 P
793 3376 829 3402 =
847 3371 867 3411 u
879 3384 925 3398 -
936 3368 961 3411 x
975 3360 1007 3411 et

165 3466 289 3534 SM=
314 3468 346 3530 tl
366 3470 412 3551 ((s
429 3460 598 3545 -x)⁸·t-
617 3460 687 3550 γ’).
733 3464 790 3527 Vis
807 3462 1005 3551 igituracce-

162 3576 300 3653 leuntiis,
311 3574 371 3663 qui
381 3574 533 3661 porticula
544 3572 584 3639 M
594 3572 699 3637 rersds
711 3572 886 3659 Spelletur,
900 3572 961 3637 erit
970 3600 1008 3629 ε

163 3688 432 3875 &W
439 3757 449 3808 3
472 3730 566 3818 aqui
589 3728 661 3796 culm
683 3729 798 3795 uuserri
820 3703 933 3797 debent
946 3709 1002 3809 ris,

38 3972 42 3981 ¹
162 3896 225 3983 quii
245 3908 310 3960 totu
332 3897 433 3962 Terra
455 3894 562 3962 verrius
587 3898 610 3963 S
631 3896 751 3976 nititur,
774 3896 980 3984 concipienda
994 3908 1041 3962 est
1061 3889 1225 3980 porticulus
1243 3886 1283 3953 M
1298 3888 1453 3974 applicate

160 4053 206 4117 vis
225 4082 260 4107 =
282 4006 347 4174 HS]
368 4053 401 4116 in
417 4052 587 4119 directione
610 4052 699 4119 MN
720 4053 779 4139 ipsi
803 4054 832 4117 C
849 4055 873 4118 S
893 4050 1044 4139 purullela
1057 4060 1089 4115 et
1104 4044 1264 4133 oppositu;
1287 4065 1358 4131 quae
1380 4042 1454 4106 dum

160 4224 241 4288 vires
262 4223 448 4309 porticulum
474 4222 515 4289 M
533 4222 626 4311 oequd
648 4222 783 4288 efficient
804 4242 841 4287 cc
863 4223 890 4285 si
911 4220 1056 4285 universo
1077 4216 1180 4283 Tem
1202 4214 1379 4301 quiesceret
1402 4209 1453 4273 vel

160 4328 358 4393 uniformiter
373 4328 406 4392 in
421 4329 575 4393 directum
588 4340 776 4406 moveretur,
791 4328 847 4415 qui
859 4338 952 4391 cusus
964 4326 1006 4391 eb
1019 4324 1075 4389 illo
1087 4344 1153 4387 non
1166 4320 1281 4387 differt.
1328 4318 1381 4383 Ex
1401 4317 1453 4381 bis

161 4437 256 4525 igitur
277 4438 428 4503 ambabus
449 4438 569 4502 viribus
591 4449 721 4502 conotus
742 4437 926 4513 innotescet,
950 4456 1013 4522 quo
1033 4430 1188 4518 particulo
1209 4428 1249 4494 M
1268 4452 1290 4493 a
1310 4428 1341 4491 ri
1363 4426 1404 4489 sd
1428 4426 1454 4491 S

161 4544 281 4611 directo
295 4546 335 4611 de
349 4546 420 4611 loco
436 4568 492 4611 suo
507 4546 653 4611 recedere
669 4544 845 4609 annitetur:
868 4544 909 4609 ad
928 4545 1030 4629 ipsum
1045 4553 1149 4607 autem
1162 4554 1285 4605 motum
1299 4537 1452 4601 definien-

162 4656 242 4723 dum
255 4659 383 4743 insuper
398 4660 444 4724 vis
459 4658 619 4747 gravitatis
633 4658 694 4724 erit
708 4656 919 4743 respiciendo:
943 4667 975 4719 et
989 4654 1062 4741 quia
1075 4652 1145 4717 haec
1159 4650 1311 4737 particulo
1325 4668 1389 4710 non
1404 4658 1452 4708 est
