3284 5517
157 376 464 466 LmariTaarroa]
510 386 752 455 PRINCIPIA
776 390 1147 459 ΜΑΤΗΕΜΑΤΙΟΑ,
1395 404 1436 461 23

156 576 251 623 mune
271 558 432 645 gravitatis
448 570 589 623 centrum
611 560 827 623 revolvantur:
850 574 996 627 manente
1016 563 1087 652 lege
1107 566 1276 651 gravitatis,
1291 565 1438 633 distantia

156 677 335 731 cenoorrun
349 664 453 730 Lunae
465 688 504 729 ac
519 664 629 729 Terrae
643 665 683 728 ab
697 665 831 731 invicem
849 670 909 732 erit
930 674 994 750 60}
1008 671 1309 737 semidiametrorum
1324 687 1437 739 terres·

155 774 252 839 trium
273 772 412 849 circiter3
438 774 483 837 uti
509 774 772 857 computationem
794 775 914 841 ineunti
936 777 1064 861 patebit.
1108 780 1310 865 computatio
1331 795 1435 847 autern

155 888 229 953 iniri
242 899 346 975 potest
359 910 416 973 per
432 880 527 973 Prop.
544 886 620 953 LX.
636 885 708 953 Lib.
725 886 752 951 Ι.
824 917 828 924 -

636 1124 639 1132 ¹
713 1142 869 1207 scholium.

199 1362 435 1427 Demonstratio
448 1360 674 1443 Propositionis
689 1359 733 1423 sio
746 1358 844 1424 firsius
860 1358 1009 1445 explicari
1022 1370 1134 1445 potest.
1167 1359 1200 1425 si
1215 1359 1316 1425 Lunae
1329 1362 1434 1446 plures

155 1468 273 1533 circum
297 1466 429 1531 Terram
455 1467 696 1544 revolverentur,
722 1466 854 1551 perinde
879 1479 916 1530 ut
940 1466 977 1529 fit
998 1467 1031 1529 in
1053 1478 1218 1551 systemate
1240 1468 1366 1531 Saturni
1385 1466 1436 1531 vel

154 1574 260 1651 Jovis3
282 1572 394 1638 harum
416 1586 557 1657 tempora
577 1572 737 1656 periodica
759 1576 829 1657 (per
844 1583 1060 1657 argumentum
1074 1571 1274 1653 inductionis)
1291 1572 1435 1637 observa·

154 1694 226 1747 rent
249 1683 352 1769 legem
374 1682 568 1765 planetarum
593 1705 612 1743 a
637 1680 778 1766 Keplero
799 1680 962 1757 detectam,
985 1694 1018 1745 et
1037 1695 1204 1766 propterea
1224 1680 1337 1745 harum
1355 1683 1436 1747 vires

154 1790 335 1873 centripetae
351 1787 451 1851 forent
464 1786 622 1870 reciproce
639 1801 672 1851 ut
687 1787 839 1874 quadrata
852 1788 1068 1851 distantiarum
1082 1812 1102 1850 a
1116 1802 1225 1851 centro
1241 1788 1363 1867 Terrae,
1378 1811 1436 1872 per

156 1896 253 1981 Prop.
270 1893 297 1959 l.
312 1892 413 1978 hujus.
458 1892 501 1957 Et
518 1894 544 1956 si
565 1915 672 1957 earum
687 1893 795 1957 infima
810 1906 890 1957 esset
904 1916 1011 1977 parva,
1028 1906 1060 1957 et
1073 1894 1203 1957 vertices
1217 1894 1438 1959 altissimorum

154 2002 310 2065 montium
330 2022 429 2097 prope
450 2012 608 2087 tangeret:
631 2000 723 2084 hujus
746 2000 791 2063 vis
814 2000 985 2083 centripeta
1007 1998 1066 2084 quel
1091 2000 1274 2063 retineretur
1296 2000 1328 2061 in
1350 2001 1436 2077 orbe,

154 2110 324 2197 gravitates
346 2130 513 2194 corporum
535 2108 568 2171 in
589 2108 754 2173 verticibus
776 2106 901 2171 illorum
923 2110 1075 2172 montium
1092 2112 1162 2193 (per
1176 2110 1439 2194 computationem

155 2217 400 2303 praecedentem)
424 2228 561 2301 aequaret
584 2216 830 2301 quamproxime,
856 2216 1050 2302 efficeretque
1075 2230 1112 2280 ut
1135 2217 1243 2281 eadem
1272 2216 1389 2293 lunula,
1413 2215 1440 2279 si

156 2337 246 2389 motu
273 2324 358 2387 omni
383 2345 445 2408 quo
470 2324 573 2409 pergit
598 2322 630 2385 in
657 2322 733 2385 orbe
757 2344 813 2387 suo
834 2322 1019 2406 privaretur,
1042 2323 1165 2388 defectu
1186 2324 1232 2387 vis
1258 2323 1440 2409 centrifugae

157 2432 219 2517 qual
235 2432 268 2494 in
283 2431 359 2494 orbe
373 2443 594 2515 permanserat,
606 2428 808 2493 descenderet
818 2430 852 2491 in
864 2429 1006 2508 Terram,
1019 2430 1112 2517 idque
1123 2430 1233 2495 eadem
1244 2454 1316 2495 cum
1326 2431 1441 2493 veloci·

157 2552 223 2603 tate
245 2538 307 2624 qui
328 2538 435 2625 gravia
449 2536 564 2601 cadunt
586 2537 619 2599 in
640 2536 765 2601 illorum
779 2537 932 2599 montium
947 2538 1123 2615 verticibus,
1138 2550 1266 2623 propter
1280 2518 1441 2622 aequalita-

157 2662 222 2713 tem
247 2647 360 2709 virium
386 2646 497 2731 quibus
523 2644 723 2709 descendunt.
776 2644 820 2709 Et
845 2646 871 2707 si
897 2645 942 2707 vis
966 2644 1020 2708 illa
1045 2644 1106 2730 qud
1131 2645 1240 2709 lunula
1257 2645 1312 2707 illa
1332 2644 1442 2707 infima

158 2756 330 2833 descendit,
354 2754 476 2817 diversa
497 2765 578 2817 esset
599 2774 618 2816 a
638 2752 798 2839 gravitate,
822 2766 855 2817 et
872 2753 981 2817 lunula
1000 2753 1055 2817 illa
1076 2754 1169 2817 etiam
1188 2755 1291 2841 gravis
1307 2768 1388 2817 esset
1407 2756 1441 2817 in

160 2864 296 2926 Terram
317 2882 405 2923 more
419 2882 586 2945 corporum
601 2861 634 2921 in
645 2858 810 2923 verticibus
824 2859 988 2935 montium,
1011 2859 1120 2923 eadem
1141 2860 1250 2923 lunula
1264 2862 1295 2923 vi
1308 2859 1442 2946 utrique

160 2966 326 3054 conjuncti
342 2964 438 3049 duplo
453 2964 588 3029 velocius
605 2964 816 3029 descenderet.
864 2964 973 3040 Quare
987 2963 1058 3029 crim
1072 2966 1153 3029 vires
1167 2978 1317 3052 utraeque,
1341 2980 1372 3031 et
1390 2966 1442 3031 has

165 3098 333 3165 corporum
355 3076 506 3163 gravium,
531 3086 562 3138 et
584 3074 647 3137 illae
670 3073 841 3150 Lunarum,
858 3088 998 3137 centrum
1014 3075 1123 3139 Terrae
1137 3076 1313 3159 respiciant,
1329 3089 1361 3139 et
1381 3077 1442 3141 sint

160 3189 242 3253 inter
257 3208 290 3249 se
305 3184 418 3247 similes
435 3195 467 3245 et
480 3181 625 3267 aequales,
642 3182 761 3244 eaedem
783 3185 853 3263 (per
870 3181 950 3267 Reg.
965 3189 992 3244 1.
1004 3194 1036 3244 et
1052 3183 1115 3260 11.)
1138 3181 1267 3245 eandem
1282 3181 1443 3247 habebunt

162 3314 296 3359 causam.
343 3288 386 3353 Et
407 3302 573 3373 propterea
596 3285 642 3351 vis
664 3285 726 3361 illa,
751 3285 812 3371 qua
829 3284 923 3349 Luna
935 3287 1086 3349 retinetur
1101 3286 1134 3347 in
1148 3286 1225 3349 orbe
1240 3307 1306 3362 suo,
1323 3309 1361 3349 ea
1374 3286 1443 3371 ipse

162 3400 221 3463 erit
243 3418 336 3483 quam
357 3416 415 3458 nos
437 3394 619 3481 gravitatem
642 3374 744 3454 dicere
768 3389 920 3456 solemus:
946 3392 1040 3477 idque
1062 3391 1197 3455 maxime
1219 3413 1259 3455 ne
1279 3390 1387 3455 lunula
1408 3394 1442 3457 in

162 3506 276 3568 vertice
290 3502 404 3564 montis
418 3500 468 3563 vel
482 3499 632 3585 gravitate
647 3509 758 3575 careat,
775 3496 824 3560 vel
839 3496 936 3581 duplo
949 3499 1085 3563 velocius
1099 3498 1190 3562 cadat
1203 3497 1296 3585 quam
1311 3520 1442 3583 corpora

162 3614 270 3701 gravia
284 3609 385 3675 solent
398 3606 518 3673 cadere.

162 3792 211 3861 qod
225 3794 295 3843 altius
311 3801 345 3841 ert
361 3790 431 3853 supra
448 3794 543 3841 Terram
560 3798 673 3851 punctum
687 3790 746 3839 illud
757 3806 785 3839 er
817 3796 842 3842 ln
851 3808 894 3842 suo
903 3790 990 3840 circulo
1000 3792 1207 3852 percuteretur
1215 3793 1234 3838 ri
1242 3792 1311 3855 juxta
1320 3792 1441 3839 Tellurem

152 3876 210 3922 .qno
226 3874 296 3921 grave
311 3858 437 3919 projicitur,
448 3858 477 3906 ed
488 3858 573 3905 minori
584 3872 643 3916 opus
654 3865 688 3902 est
699 3856 721 3901 vi
732 3872 783 3915 pro·
818 3858 913 3907 accedat
923 3865 947 3904 et
957 3856 1039 3903 eadem
1051 3856 1167 3903 celeritate
1181 3866 1308 3914 moveatur,
1323 3857 1364 3903 ille
1374 3870 1442 3903 arcus

158 3924 231 3985 jecdli
244 3933 271 3970 ut
282 3923 409 3983 projectum
420 3923 445 3969 in
455 3922 571 3983 planetam
583 3928 693 3976 mutetur,
705 3918 785 3983 etqud
843 3962 850 3973 ,
902 3958 908 3979 ,
952 3958 958 3970 .
1226 3958 1232 3977 ,
1357 3924 1386 3969 51

163 3987 277 4034 humilior
293 3995 328 4033 est
343 3984 372 4033 ed
388 3986 467 4049 majori
481 3984 561 4048 (ibid.)
573 3987 617 4031 hoc
628 3994 669 4039 est,
681 3983 786 4029 celeritas
817 3971 861 4008 Μ
873 3966 900 4007 ¹¹
915 3976 923 4016 ἶ
939 3972 1005 4005 ‘¹¹¹⁰'
1019 3972 1099 4005 ’ω’
1112 3972 1181 4005 “⁰¹¹⁸
1196 3963 1222 4006 η
1245 3966 1281 4004 ”l
1298 4000 1443 4042 10‚000‚000

164 4050 415 4125 peryimprojecu'legu
430 4050 540 4109 imam
550 4045 787 4125 “iuramentum
819 4057 1442 4123 raraqurmarurermsapedumrosrrraserrsr.

164 4126 244 4171 mmm
263 4130 286 4161 V·
304 4128 338 4187 gf·
376 4114 400 4159 5¹
421 4114 490 4187 1¹⁰⁰!
508 4112 589 4159 ‘idm
608 4110 723 4157 Wlffllfll‘
741 4124 789 4171 ‘1⁰²
821 4124 912 4173 nusillo
923 4139 1001 4171 versus
1011 4123 1098 4183 pedum
1108 4132 1202 4169 centum
1214 4123 1311 4175 circiter,
1322 4120 1363 4168 sed
1372 4134 1443 4184 grave

163 4174 606 4238 nuneinorbrrdsudrevolvrturjurto
618 4174 722 4229 Terram,
735 4188 787 4233 pro-
819 4188 1007 4253 9101„me
1028 4186 1111 4247 ,rgenti
1131 4186 1181 4233 iffi,
1202 4186 1316 4245 mpup,
1336 4184 1444 4231 muudi,

164 4243 275 4316 jiceretur
295 4240 424 4287 secundum
443 4238 591 4287 directionem
614 4236 787 4291 horizontalem,
820 4266 925 4316 “dendo
934 4265 1048 4326 mni,
1058 4270 1090 4311 90
1101 4271 1126 4321 χ
1140 4270 1172 4311 m
1184 4271 1209 4321 χ
1225 4271 1235 4312 ¹
1239 4252 1303 4329 5112,
1318 4262 1367 4312 ”3
1379 4270 1443 4312 0⁰33

165 4304 229 4353 eret
249 4304 369 4351 Tellurem
390 4320 438 4350 non
466 4304 556 4365 giraret,
584 4302 625 4349 sed
646 4300 788 4347 terrestrium
820 4330 874 4392 ped.
911 4329 981 4378 Unde
997 4328 1068 4375 Lm„
1082 4327 1208 4375 incircum
1222 4343 1323 4375 mom
1333 4328 1443 4385 mmm,

164 4364 789 4493 marmur
820 4391 1183 4515 megaera
1197 4388 1444 4454 amarer

164 4512 232 4545 armu
242 4508 312 4560 quom
325 4496 395 4544 Luna
406 4500 438 4543 20
448 4494 564 4555 scrupulis
574 4490 682 4541 secundis
693 4490 790 4539 horama
870 4520 874 4525 ‚
