3284 5517
416 365 608 435 FLUXUS
629 368 703 435 Ac'
716 369 972 437 REFLUXUS
995 369 1154 436 Minis.
1363 377 1428 436 289

141 533 229 602 sinus
249 533 430 604 elevationis
450 539 517 624 poli
537 564 570 600 =
589 540 628 617 P,
650 543 736 605 sinus
756 541 973 606 declinationis
995 543 1129 608 borealis
1150 543 1259 628 puncti
1282 541 1311 606 L
1331 566 1363 600 =
1385 541 1428 619 Q,

137 661 214 706 nem
227 641 255 704 si
269 641 435 708 declinatio
449 646 490 710 sit
504 646 659 724 australis,
683 648 770 712 sinus
786 648 819 723 Q
834 649 915 712 sumi
931 648 1025 712 debet
1041 648 1193 736 negative,
1217 649 1341 712 cosinus
1355 647 1430 712 vero

139 749 365 832 respondentes
386 751 449 816 sint
469 766 540 838 pet
553 777 585 840 q,
608 756 780 838 reperietur
794 756 881 820 sinus
896 756 1066 821 altitudinis
1083 757 1112 822 L
1128 778 1222 841 supra
1236 756 1430 820 horizontem

142 871 362 947 ==r=tpq
381 872 414 937 -ί-
434 861 463 926 Ρ
481 862 533 938 Q:
556 865 726 949 punctique
747 864 759 926 l
781 865 866 928 sinus
886 865 1056 930 altitudinis
1075 889 1095 928 v
1115 875 1147 942 ιι-
1167 866 1424 950 dv=tpq†

144 965 222 1041 PQ
241 975 275 1042 -Ι-
294 966 472 1052 qudr.
527 968 685 1044 Quocirca
705 971 733 1034 si
752 968 846 1034 Luna

141 1074 393 1159 pomturinL,
415 1072 848 1162 cimejusvissdmareat·
905 1083 910 1091 '

142 1219 317 1287 tollendum
324 1221 365 1286 sit
373 1181 452 1280 =1L
470 1272 519 1348 ,2

34 1373 37 1377 ‚
141 1391 845 1482 visimorementumtempmculodtortum

141 1504 844 1613 π,ἔιΙιιιΙνξἐιΙιῇιἮ-ΗΩ)Τριιιίδ.
932 1522 940 1537 ·

247 1605 296 1670 b⁸
599 1607 643 1674 b³

143 1715 846 1803 AtsiSolpommrmLejusrissdmnre

142 1823 329 1891 elevandum
341 1825 538 1911 tempusculo
558 1825 725 1910 dtcspiet
744 1823 846 1892 iocre-

141 1932 748 2039 menmm=88stpq÷PQlTp
790 1933 846 2036 dt·

563 2055 583 2096 ιι

145 2144 297 2235 Quemvis
312 2153 416 2208 sutem
429 2163 489 2225 pro
505 2140 580 2206 Sole
593 2151 626 2204 ct
640 2139 731 2206 Lunt
746 2142 850 2207 eidem
869 2141 985 2229 ungulo
999 2142 1021 2205 d
1036 2149 1050 2204 t
1063 2161 1128 2204 non
1142 2139 1274 2226 aequalic
1288 2153 1430 2224 tempora

142 2249 363 2334 respondeant,
385 2261 490 2314 tomen
511 2249 585 2332 quie
605 2269 643 2312 ca
663 2249 807 2332 proxime
829 2249 870 2314 sd
892 2249 1043 2313 rationem
1064 2247 1249 2334 equalitatis
1264 2247 1427 2324 accedunt,

143 2371 218 2422 suut
242 2357 327 2421 enim
351 2368 387 2418 ut
412 2363 453 2418 24
479 2354 520 2418 sd
547 2360 609 2438 24}
634 2377 690 2420 seu
715 2368 750 2420 ut
775 2365 817 2421 32
843 2357 885 2420 ad
912 2366 963 2432 88,
991 2357 1057 2420 sine
1083 2356 1221 2419 sensibili
1244 2377 1348 2418 errore
1370 2377 1428 2439 pro

143 2464 317 2550 equalibus
345 2463 454 2528 heberi
485 2475 642 2547 poterunt
703 2464 833 2528 Interim
864 2476 969 2528 tamen
998 2465 1024 2527 si
1054 2486 1102 2528 res
1133 2461 1275 2527 accurate
1305 2463 1429 2528 deliniri

145 2575 268 2651 debent,
306 2585 339 2638 et
373 2573 420 2636 vis
457 2571 539 2638 Solis
573 2573 799 2637 incrementum
835 2573 952 2660 angulo
1012 2571 1059 2634 dt
1096 2571 1280 2656 acquisitum
1316 2571 1357 2634 sit
1391 2596 1428 2624 =

142 2677 674 2843 QUAEQ‘,
697 2718 757 2781 erit
776 2715 824 2781 ris
847 2718 949 2783 Lunae
971 2716 1196 2780 incrementum
1218 2717 1328 2780 eodem
1350 2729 1429 2780 tem-

142 2929 276 3031 pusculo
290 2939 452 3012 acceptum
466 2951 501 2980 =
512 2887 1047 3051 Q.
1103 2925 1155 2991 Ex
1178 2927 1227 2990 his
1247 2926 1429 3014 intelligitur

143 3101 214 3165 lirec
238 3101 430 3164 incrementa
451 3096 551 3161 tribus
576 3095 698 3159 casibus
720 3103 915 3181 evanescere,
938 3115 1072 3184 qnorum
1095 3101 1215 3184 primus
1240 3101 1341 3164 evenit
1369 3097 1428 3163 sub

142 3207 234 3294 polis,
251 3206 323 3293 quis
337 3205 381 3269 ibi
396 3217 443 3268 est
456 3225 525 3288 p=
537 3212 578 3277 03
601 3201 764 3278 sccundus,
781 3203 807 3264 si
821 3214 973 3286 punctum
989 3204 1019 3267 L
1034 3205 1067 3268 in
1082 3206 1255 3270 meridiano
1269 3207 1309 3271 sit
1323 3211 1426 3281 situm,

144 3329 212 3379 tum
227 3315 310 3378 enim
324 3313 361 3376 fit
376 3311 407 3374 T
420 3338 456 3365 =
471 3319 512 3385 03
534 3308 643 3372 tertius
657 3308 792 3393 denique
806 3307 910 3371 locum
925 3308 1027 3388 habet,
1044 3311 1070 3374 si
1084 3324 1236 3396 punctum
1252 3312 1281 3375 L
1296 3313 1326 3376 in
1342 3311 1428 3375 hori.

144 3421 370 3495 zonteexistet,
388 3415 649 3500 ubiesttpql·
667 3413 694 3478 P
711 3414 838 3489 Q=0.

143 3558 147 3566 ’
183 3534 211 3619 ᾗ.
227 3537 280 3591 63.
304 3526 466 3590 Ponemus
487 3543 575 3586 nunc
596 3521 702 3584 Solem
723 3522 756 3582 in
778 3520 808 3585 L
830 3522 947 3585 versari
962 3545 999 3586 sc
1013 3522 1138 3587 Lunam
1152 3547 1209 3608 per
1223 3524 1429 3588 meridianum

138 3639 206 3723 jem
221 3636 388 3712 ῐιιιιιεὶίιεε,
404 3634 526 3718 hocque
540 3643 701 3694 momento
716 3628 852 3693 maxime
867 3652 979 3715 equam
994 3654 1061 3696 esse
1077 3633 1246 3708 elevatum
1263 3635 1329 3718 jam
1345 3633 1429 3696 enim

144 3744 336 3810 ostendimus
351 3743 428 3806 dum
446 3741 501 3806 sol
515 3739 556 3803 eb
569 3738 731 3801 horizonte
745 3737 873 3815 recedit,
896 3761 1009 3824 nquam
1025 3763 1179 3806 summam
1201 3740 1337 3804 incidere
1357 3753 1430 3824 post
1455 3762 1464 3774 ‘

142 3853 308 3917 transitum
329 3852 432 3917 Luuoe
453 3870 512 3935 per
532 3846 749 3912 meridianum.
794 3845 872 3910 Hoc
892 3868 969 3935 ergo
989 3865 1149 3916 momento
1171 3873 1296 3916 neccsse
1315 3865 1371 3928 est,
1394 3864 1431 3915 ut

142 3962 376 4028 decrementum
387 3960 433 4022 ris
445 3958 557 4033 Lunae,
567 3954 653 4042 quod
663 3953 860 4038 tempusculo
868 3952 891 4016 d
899 3961 913 4014 t
922 3956 1048 4038 potitur,
1060 3958 1180 4044 oequele
1191 3958 1231 4022 sit
1238 3959 1430 4021 incremento

140 4072 190 4136 ris
207 4070 290 4135 Solis
303 4068 413 4132 eodem
428 4080 570 4150 tempore
580 4075 720 4148 eccepto.
752 4063 801 4126 Sit
814 4063 910 4150 igitur
921 4065 1027 4152 anguli
1038 4066 1155 4130 horarii
1165 4067 1206 4130 ad
1216 4067 1325 4150 polum
1336 4065 1430 4130 sumti

144 4201 208 4264 quo
230 4178 324 4243 Luna
340 4177 407 4260 jem
431 4196 451 4237 s
471 4171 644 4236 meridiano
666 4169 801 4245 recessit,
825 4169 949 4233 cosinus
963 4199 997 4226 =
1012 4192 1045 4249 n,
1068 4171 1153 4237 sinus
1168 4201 1203 4228 ==
1219 4173 1260 4250 N,
1282 4184 1376 4258 atque
1390 4172 1430 4234 sit

145 4287 248 4353 Lunoe
263 4279 477 4347 declinationis
491 4277 624 4342 borealis
639 4275 724 4339 sinus
734 4303 769 4331 =
781 4275 823 4351 R,
840 4277 964 4340 cosinus
974 4304 1009 4334 =
1022 4299 1047 4354 r,
1064 4280 1228 4365 exquibus
1243 4279 1360 4344 orietur
1372 4279 1430 4342 de-

145 4445 337 4498 crementum
351 4429 399 4493 ris
411 4429 513 4494 Lunae
528 4423 723 4510 tempusculo
737 4423 759 4486 d
771 4430 899 4487 tortum
908 4451 944 4479 =
956 4387 1428 4552 {HQ
1497 4491 1500 4506 ἱ

145 4603 232 4692 quod
254 4550 326 4668 crim
347 4601 468 4687 oequsle
489 4619 556 4664 esse
578 4595 692 4660 debent
713 4595 906 4659 incremento
927 4595 974 4658 vis
997 4594 1079 4664 Solis
1101 4595 1211 4660 eodem
1234 4599 1430 4685 tempusculo

732 4705 756 4752 Χ
768 4712 784 4753 8
