3284 5517
232 361 296 418 286
464 353 731 430 INQUISITIO
754 351 960 420 PHYSICA
982 351 1033 420 ΙΝ
1056 351 1254 420 CAUSAM

230 527 298 593 trim
312 529 483 594 minimam.
528 529 674 596 Tertium
688 529 824 616 denique
844 551 944 617 genus
958 527 1210 594 observationum
1225 525 1384 612 adipsum
1399 541 1523 594 metrum

229 640 325 737 maris
349 642 544 724 reciprocum
570 653 698 725 spectat,
724 640 824 726 iisque
847 638 1071 704 determinatur
1092 635 1207 723 quanti
1230 637 1387 702 celeritate
1408 637 1521 723 quovis

228 747 381 830 temporis
402 759 562 811 momento
584 747 704 812 alterna
727 748 822 812 maris
846 747 977 812 elevatio
1002 769 1039 812 ac
1062 745 1222 829 depressio
1243 745 1432 822 absolvatur,
1453 745 1521 812 sive

130 854 138 863 '
228 868 446 920 momentanea
466 856 607 932 mutatio,
630 855 706 920 durn
728 877 814 928 mare
836 878 856 918 a
873 855 960 920 fluxu
975 853 1016 918 ad
1030 853 1185 918 refluxum
1200 852 1312 916 transit
1325 864 1357 916 et
1370 852 1517 932 vicissim,

226 963 440 1052 investigatur.
484 966 611 1042 Quibus
636 965 735 1032 tribus
760 965 853 1030 rebus
879 961 951 1030 crim
973 963 1203 1028 observationes
1226 959 1517 1028 convenientissime

226 1071 437 1149 institorum,
454 1073 566 1138 iisdem
575 1073 700 1138 theoria
714 1085 807 1159 atque
821 1071 987 1157 explicatio
1005 1070 1287 1156 phaenomenorunr
1300 1070 1517 1136 commodissi-

226 1179 278 1244 me
298 1180 492 1244 tractabitur.
536 1182 587 1244 Ac
606 1180 718 1264 primae
738 1179 865 1266 quidem
882 1190 913 1242 et
927 1178 1028 1242 tertiae
1040 1177 1125 1262 parti
1144 1198 1205 1262 pro
1218 1178 1324 1240 nostri
1346 1176 1517 1262 hypothesi

224 1290 257 1352 in
272 1290 523 1374 precedentibus
538 1289 701 1374 Capitibus
714 1287 840 1354 abunde
854 1285 1044 1352 subcinctum
1058 1285 1189 1352 videtur.

267 1403 291 1480 §-
314 1406 367 1462 58.
398 1397 558 1472 Quoniam
580 1408 684 1460 autam
708 1418 728 1458 a
752 1395 846 1458 maris
872 1393 981 1458 inertis
1002 1392 1133 1478 aliisque
1154 1393 1394 1458 circumstantiis
1416 1396 1514 1460 maris

203 1483 345 1568 ⁸motum
360 1503 556 1568 turbantibus
570 1525 679 1566 omnes
694 1501 895 1588 cogitationes
911 1499 1013 1564 adhuc
1024 1499 1240 1574 abstrahimus,
1256 1497 1454 1564 manifestum
1465 1514 1515 1566 est

223 1597 340 1695 ubique
360 1610 542 1684 Terrarum,
557 1609 582 1671 si
595 1607 663 1672 sola
684 1608 785 1672 Lunoe
799 1608 846 1672 ris
860 1629 946 1672 mare
961 1606 1101 1694 agitaret,
1117 1625 1230 1690 aquam
1244 1602 1381 1666 maxime
1397 1604 1514 1672 elevari

224 1715 339 1780 debere
356 1714 433 1778 crim
454 1715 546 1780 Luna
562 1714 601 1777 ab
615 1714 775 1778 horizonte
786 1712 967 1801 longissime
982 1711 1075 1776 fuerit
1089 1724 1216 1787 remota,
1233 1712 1294 1774 hoc
1309 1723 1357 1775 est
1375 1711 1412 1775 iis
1435 1715 1512 1799 ipsis

222 1821 389 1886 momentis
410 1821 523 1907 quibus
546 1819 639 1885 Luna
659 1841 716 1904 per
737 1808 1022 1884 meridianum'dati
1042 1815 1104 1880 loci
1125 1829 1190 1880 tarn
1205 1835 1301 1900 supra
1313 1813 1407 1901 quim
1428 1817 1512 1884 infra

223 1929 358 1994 Terram
371 1929 501 1992 transit:
525 1939 597 1990 sunt
618 1927 700 1991 enim
723 1925 908 1990 elevationes
922 1947 1012 2011 aquae
1027 1925 1059 1986 in
1075 1921 1232 2007 duplicati
1245 1911 1368 1986 'ratione
1382 1924 1510 1990 sinuum

222 2036 439 2101 distantiarum
464 2038 566 2100 Lunae
580 2037 620 2100 ab
640 2036 812 2114 horizonte,
834 2059 875 2100 ex
890 2059 953 2121 quo
968 2038 1056 2101 simul
1074 2039 1247 2103 successiva
1260 2037 1355 2104 maris
1370 2057 1510 2102 commo-

221 2147 267 2210 tio
289 2146 498 2232 cognoscitur.
544 2145 753 2229 Excipiuntur
773 2157 879 2210 autem
900 2146 984 2224 binc,
1008 2161 1044 2213 ut
1060 2149 1126 2234 jam
1141 2151 1326 2228 notavimus,
1342 2147 1412 2212 loca
1426 2148 1509 2232 polis

222 2250 333 2316 Terrae
353 2253 508 2337 proxima,
532 2252 644 2338 quibus
667 2252 760 2317 Luna
780 2253 831 2316 vel
852 2275 916 2317 non
937 2254 1036 2318 oritur
1050 2255 1101 2318 vel
1121 2278 1185 2319 non
1201 2255 1333 2333 occidit3
1357 2256 1401 2321 ibi
1423 2256 1509 2318 enim

220 2360 320 2424 altero
335 2361 437 2424 Lunae
447 2360 493 2426 ad
506 2359 713 2426 meridianum
727 2360 862 2445 appulsu
877 2383 957 2446 aqua
972 2361 1066 2426 debet
1079 2385 1146 2428 esse
1161 2385 1291 2441 surnma,
1314 2361 1414 2447 altero
1433 2361 1508 2426 ima.

220 2468 341 2535 Verrim
355 2471 396 2535 de
406 2470 460 2534 isis
473 2470 551 2536 locis
564 2492 630 2536 non
643 2471 813 2536 admodum
828 2473 942 2536 crirrr'us
957 2474 1099 2552 solliciti3
1115 2473 1187 2542 crim
1198 2490 1263 2540 tam
1273 2475 1508 2540 observationes

219 2573 416 2652 sufficientes,
431 2576 544 2663 quibus
559 2575 679 2654 theoria
691 2577 853 2661 probetur,
868 2579 1025 2658 deficiant,
1040 2579 1135 2666 quim
1149 2584 1216 2667 ipse
1230 2581 1325 2646 maris
1339 2591 1443 2644 motus
1457 2579 1516 2642 in·'

219 2680 339 2746 dicatus
354 2683 466 2747 rationi
479 2683 520 2748 sit
533 2696 767 2764 consentaneus,
782 2707 885 2770 neque
899 2687 1134 2752 confirmatione
1149 2689 1297 2775 indigeat.
1336 2687 1378 2756 In
1392 2687 1507 2750 Terrae

217 2784 294 2850 locis
319 2809 396 2875 ergo
420 2812 440 2852 a
463 2789 544 2873 polis
563 2791 637 2854 satis
659 2790 785 2855 remotis
805 2813 862 2855 seu
883 2805 973 2856 extra
992 2793 1124 2860 circulos
1145 2796 1268 2880 polares
1291 2794 1367 2872 sitis,
1381 2793 1506 2881 quibus

198 2925 201 2932 ·
219 2892 313 2956 Luna
326 2893 488 2958 intervallo
510 2903 551 2959 24
572 2897 604 2960 b.
620 2898 682 2961 48'.
697 2911 762 2960 tam
782 2897 881 2962 oritur
896 2897 988 2985 quim
1003 2901 1079 2978 obit,
1103 2902 1274 2968 elevabitur
1290 2923 1375 2965 mare
1390 2901 1506 2966 eodem

217 3003 367 3086 temporis
388 3002 553 3068 intervallo
577 3003 635 3082 bia,
661 3005 814 3093 totiesque
837 3006 1047 3091 deprimetur3
1084 3022 1176 3097 atque
1206 3023 1338 3096 utraque
1366 3010 1506 3072 maxima

216 3106 321 3195 maris⁸
333 3107 465 3172 altitudo
485 3110 654 3197 continget,
677 3108 750 3176 crim
771 3111 866 3177 Luna
880 3111 919 3176 sd
934 3115 1142 3180 meridianum
1164 3115 1246 3179 illius
1268 3115 1330 3180 loci
1348 3115 1503 3200 pervenit,
1608 3117 1614 3129 “

216 3215 346 3280 minima
360 3214 434 3279 verb
450 3213 522 3282 crim
537 3216 836 3282 Luna'horizontem
852 3219 982 3308 attingit.
1030 3221 1118 3285 Hinc
1133 3221 1228 3310 igitur
1243 3221 1392 3306 temporis
1408 3221 1504 3284 inter-

215 3322 333 3386 vallum
354 3322 435 3385 inter
456 3323 546 3387 binos
561 3346 651 3410 aquae
665 3323 769 3390 fluxus
784 3348 840 3390 seu
856 3348 990 3390 surmnas
1006 3327 1194 3391 elevationes
1216 3315 1410 3412 interjectum
1428 3333 1505 3389 con'-

216 3442 333 3494 stanter
346 3429 407 3493 erit
429 3437 468 3492 12
489 3429 521 3492 b.
538 3433 598 3493 zt‘.
614 3431 654 3498 ab
675 3431 837 3495 anomaliis
860 3433 961 3496 Lunae
977 3447 1112 3498 mentem
1127 3431 1354 3510 abstrahend03
1378 3445 1410 3496 at
1426 3445 1504 3496 tern-

215 3561 275 3624 pus
289 3561 419 3602 summae
433 3539 650 3624 depressionis,
674 3538 947 3626 crimrespondeat
961 3541 1104 3626 appulsui
1125 3541 1227 3606 Lunae
1242 3541 1282 3605 ad
1298 3541 1505 3618 horizontem,

215 3652 296 3716 inter
314 3651 406 3714 binas
429 3649 614 3716 elevationes
636 3651 795 3736 aequaliter
809 3673 874 3716 non
890 3651 1090 3738 interjacebit,
1108 3651 1163 3716 sed
1177 3650 1266 3716 alteri
1282 3649 1450 3714 elevationi
1464 3645 1504 3710 eb

216 3763 275 3826 erit
292 3759 435 3846 propitia,
458 3760 521 3846 qui)
535 3760 635 3846 major
648 3759 742 3824 fuerit
756 3759 828 3824 crim
849 3761 907 3824 loci
923 3762 1074 3846 propositi
1089 3760 1219 3826 elevatio
1233 3758 1299 3845 poli
1314 3770 1382 3822 tum
1400 3755 1501 3819 Lunae

216 3871 390 3948 declinatio,
407 3871 468 3936 hoc
483 3883 529 3934 est
543 3869 605 3958 quir
619 3873 718 3955 majus
733 3869 826 3935 fuerit
836 3871 1000 3936 discrimen
1015 3873 1095 3936 inter
1106 3885 1209 3937 ortum
1221 3871 1381 3936 obitumve
1397 3869 1500 3934 Lunae

216 3993 248 4043 et
262 3978 414 4042 circulum
428 3977 587 4042 horarium
603 3990 735 4042 sextum.

259 4092 283 4170 §-
299 4095 351 4152 59.
374 4083 436 4150 Sed
460 4085 685 4172 conjungamus
700 4108 772 4150 cum
787 4086 880 4152 Luni
904 4087 966 4152 vim
989 4088 1085 4170 Solis,
1108 4100 1143 4152 ut
1156 4101 1273 4152 nostra
1288 4073 1512 4153 conclusiones

214 4196 314 4283 magis
336 4193 377 4259 ad
399 4194 630 4259 observationes
651 4195 871 4281 perducantur.
917 4197 965 4260 Ac
985 4197 1087 4282 primi)
1103 4195 1228 4284 quidem
1244 4195 1441 4260 manifestum
1457 4203 1504 4255 est

215 4317 355 4387 tempore
381 4315 445 4364 tam
468 4301 620 4365 novilunii
646 4301 738 4388 quim
764 4302 926 4386 plenilunii
952 4325 1064 4388 aquam
1089 4302 1224 4366 maxime
1249 4302 1316 4366 sore
1340 4301 1501 4375 elevatam,

215 4413 342 4497 quando
365 4412 458 4476 Luna
477 4434 535 4497 per
558 4411 762 4475 meridianum
784 4411 845 4475 loci
866 4411 985 4490 transit,
1009 4415 1125 4500 quippe
1147 4436 1209 4500 quo
1229 4425 1389 4476 momento
1409 4409 1503 4473 etiam

216 4519 272 4586 Sol
292 4521 333 4584 ad
355 4519 490 4584 eundem
512 4520 717 4583 meridianum
733 4518 872 4605 appellit,
896 4521 922 4584 si
943 4521 1068 4608 quidem
1085 4521 1210 4608 syzygia
1225 4521 1294 4606 ipso
1308 4519 1440 4584 meridie
1455 4515 1505 4582 vel

214 4626 316 4692 medii
337 4640 430 4690 nocte
452 4624 638 4690 celebratur.
688 4626 904 4701 Quamobrem
930 4627 956 4691 si
982 4627 1174 4692 novilmriom
1199 4626 1446 4712 pleniluniumve
1470 4623 1505 4688 in
