3284 5517
246 270 277 330 iv
500 294 504 303 ·
728 268 1062 335 INTRODUCTIO

244 447 421 534 eclipticam
435 461 527 527 secet,
550 451 600 514 cui
614 471 727 536 nempe
749 452 821 515 coeli
843 451 913 515 loco
927 452 1137 536 respondeant
1158 454 1224 537 ejus
1239 450 1324 529 nodi,
1347 452 1401 537 qui
1422 451 1458 514 iu
1482 450 1555 514 hac

243 559 412 645 hypothesi
432 561 489 624 fixi
511 560 622 640 forent,
646 575 678 625 et
699 584 836 648 quonam
854 562 970 648 angulo
991 563 1092 627 orbita
1109 563 1212 628 Lunae
1232 561 1313 626 foret
1326 561 1479 624 inclinata
1504 557 1553 624 ad

244 669 429 753 eclipticam,
450 670 535 733 unde
556 673 704 756 quoniam
718 696 757 736 ea
772 673 933 736 inclinatio
947 685 1093 739 constans
1118 688 1208 752 esset,
1231 673 1377 738 distantia
1394 671 1504 734 Lunae
1528 691 1552 731 a

243 776 341 861 plano
355 777 505 860 eclipticae
520 800 577 862 per
591 779 849 864 perpendiculum
863 781 1051 858 mensurati,
1068 781 1149 845 foret
1163 803 1285 866 semper
1299 779 1550 866 proportionata

244 885 399 948 distantiae
413 887 663 971 perpendiculari
686 888 788 951 Lunae
803 913 822 952 a
838 889 918 954 lineri
937 889 1104 968 nodorum,
1128 889 1232 974 itaque
1255 909 1296 951 ex
1317 886 1444 976 cognito
1465 886 1548 950 loco

245 995 348 1058 Lunae
364 1008 396 1058 et
409 995 565 1058 nodorum
579 997 731 1083 cognosci
740 998 857 1080 poterit
872 975 1009 1083 quonam
1024 997 1082 1060 sub
1097 997 1213 1084 angulo
1229 996 1321 1060 Luna
1337 995 1377 1058 ab
1392 993 1545 1077 ecliptica

245 1105 360 1168 distare
375 1104 517 1170 videatur
531 1127 572 1168 ex
585 1105 654 1189 ipsi
670 1105 790 1183 Terr1i3
813 1119 845 1171 et
865 1106 907 1170 ad
921 1105 1081 1194 quodnam
1094 1117 1246 1192 punctum
1261 1104 1412 1188 eclipticae
1427 1101 1544 1165 referri

245 1212 365 1276 debeat

288 1323 322 1386 Si
337 1322 441 1408 itaque
453 1322 555 1385 Lunae
566 1335 670 1386 motus
680 1323 757 1385 citra
773 1322 929 1386 actionem
945 1321 1026 1386 Solis
1042 1319 1288 1396 considerentur,
1304 1317 1421 1382 tabulae
1437 1328 1541 1382 astro·

243 1427 376 1491 uomicae
391 1429 515 1490 lunares
530 1428 600 1491 haec
613 1429 772 1491 continere
787 1427 956 1492 debebunt

288 1534 423 1600 Primo.-
445 1535 607 1619 Epocham
622 1534 683 1600 loci
699 1535 800 1598 Lunae
815 1535 889 1599 dato
905 1535 1010 1622 aliquo
1025 1546 1182 1620 tempore3
1206 1545 1272 1596 tum
1288 1532 1542 1596 observationem

242 1642 305 1705 loci
325 1641 448 1728 apogaei
462 1642 547 1726 quod
562 1642 662 1704 fixum
676 1654 824 1718 maneret,
851 1655 882 1705 et
905 1641 1153 1709 observationem
1166 1639 1228 1704 loci
1242 1639 1399 1702 nodorum
1418 1639 1542 1723 pariter

242 1747 391 1810 fixorum.

287 1855 403 1919 Postea
424 1855 585 1918 continere
607 1854 767 1918 debebunt
781 1855 921 1919 tabulam
935 1867 1037 1920 motus
1055 1853 1160 1932 medii,
1182 1865 1250 1916 tum
1272 1853 1410 1918 tabulam
1431 1877 1542 1941 melna

241 1963 336 2028 tionis
363 1965 464 2027 Lunae
490 1963 662 2027 secundum
690 1965 755 2048 ejus
784 1964 962 2027 distantiam
987 1962 1123 2026 mediam
1149 1961 1189 2026 ab
1216 1981 1368 2048 apogreo;
1397 1963 1543 2027 tabulam

241 2073 416 2137 latitudinis
433 2073 535 2136 Lunae
557 2071 730 2154 secundum
751 2074 869 2136 vamum
887 2073 1065 2137 distantiam
1080 2074 1182 2138 Lunae
1203 2094 1223 2136 s
1243 2072 1328 2140 nodo
1351 2085 1382 2136 et
1402 2072 1542 2160 denique

243 2181 382 2245 tabulam
396 2179 586 2244 reductionis
599 2182 700 2245 Lunae
714 2182 755 2245 ad
769 2183 953 2268 eclipticam,
971 2180 1143 2248 secundrim
1158 2205 1226 2248 eam
1241 2183 1418 2250 distantiam
1434 2183 1543 2247 Lunae

241 2314 259 2354 a
278 2289 373 2353 nodo.

285 2396 424 2460 Possunt
444 2395 494 2460 his
516 2393 600 2474 addi,
622 2394 730 2459 tabula
751 2395 969 2460 distantiarum
988 2394 1090 2460 Lunae
1112 2418 1131 2458 a
1153 2385 1254 2460 Terri
1277 2393 1449 2460 secundum
1470 2396 1541 2480 ejm

240 2499 420 2564 discutiam
441 2501 481 2564 ab
503 2501 568 2584 ejus
583 2521 724 2586 apogaeo,
747 2501 854 2564 tabula
867 2501 1091 2565 diametrorum
1105 2501 1171 2586 ejus
1186 2501 1403 2586 apparentium
1424 2521 1541 2564 secun-

241 2606 317 2672 ddm
339 2607 482 2671 eamdem
497 2606 677 2672 distantiam
699 2607 739 2671 ab
760 2629 902 2696 apogoeo‚
925 2623 957 2674 et
978 2607 1113 2696 denique
1134 2609 1241 2674 tabula
1254 2609 1458 2695 parallaxeos
1472 2609 1539 2700 qud
1638 2647 1639 2652 κ

240 2714 426 2798 deprimitur
438 2713 530 2777 Luna
540 2725 685 2798 respectu
696 2718 878 2799 spectatoris
894 2718 927 2780 in
943 2716 1107 2803 superficie
1118 2715 1257 2784 Telluris
1271 2715 1424 2798 collocati,
1440 2731 1540 2804 prout

240 2819 363 2884 diversa
377 2833 424 2884 est
439 2821 505 2904 ejus
520 2843 540 2882 a
554 2818 655 2883 Terris
671 2817 827 2900 distantia,
850 2835 882 2887 et
901 2835 995 2908 prout
1011 2823 1147 2888 altitudo
1162 2845 1259 2910 supra
1272 2825 1468 2890 horimm
1487 2837 1539 2890 est

240 2927 373 2991 diversa.

283 3035 371 3101 Talis
385 3035 466 3100 foret
480 3047 546 3101 tota
561 3037 601 3100 dc
617 3035 709 3102 Lunai
724 3037 855 3116 theoria,
873 3041 950 3105 citra
966 3041 1047 3105 Solis
1062 3041 1233 3116 actionem3
1257 3039 1313 3104 scd
1324 3041 1390 3125 jam
1405 3064 1424 3104 a
1437 3040 1536 3128 longo
1638 3095 1639 3100 ,

239 3159 382 3232 tempore
412 3146 632 3210 intellexerunt
657 3149 839 3228 astronomi,
870 3150 994 3214 lunares
1018 3162 1121 3214 motus
1143 3173 1162 3213 a
1183 3149 1287 3214 Lunoe
1307 3149 1369 3212 situ
1390 3163 1535 3234 respectu
1638 3193 1639 3218 t

240 3256 324 3322 Solis
339 3256 512 3341 plurimum
533 3254 663 3332 turbari,
685 3255 770 3319 unde
787 3255 889 3320 varias
905 3259 1121 3335 correctiones,
1145 3258 1209 3326 sive
1230 3257 1421 3348 oequationes
1442 3257 1534 3322 variis
1638 3253 1639 3258 ’

238 3363 337 3428 titulis
353 3363 540 3426 concinnare
556 3375 629 3426 sunt
643 3364 756 3428 conati.
1637 3429 1639 3462 4

282 3469 388 3546 Quam
402 3471 577 3534 luculenter
593 3493 633 3534 ex
647 3472 807 3558 gravitatis
821 3471 951 3547 theorici,
974 3471 1044 3536 haec
1058 3495 1123 3536 non
1138 3471 1234 3536 modb
1248 3471 1454 3558 explicentur,
1476 3472 1535 3536 secl

238 3579 331 3643 etiam
342 3593 487 3644 accurato
497 3556 617 3644 calculo
625 3581 881 3658 determinentur,
893 3581 1107 3646 demonstrare
1118 3603 1283 3672 aggressus
1292 3596 1340 3648 est
1350 3582 1533 3660 Newtonns,

237 3699 269 3749 et
290 3707 342 3749 eas
364 3708 473 3750 omnes
495 3688 685 3772 aequationes
700 3711 771 3774 qua·
793 3711 834 3752 ex
858 3687 931 3754 Sole
949 3687 1098 3774 pendent,
1121 3689 1246 3753 calculis
1271 3711 1312 3753 ex
1332 3689 1454 3754 theoni
1476 3689 1533 3754 sud

237 3789 379 3856 deductis
394 3794 437 3856 ita
451 3793 583 3857 feliciter
604 3795 711 3858 statuit
725 3807 761 3860 ut
774 3808 878 3860 motus
893 3797 996 3860 Lunae
1011 3799 1115 3882 ejusve
1136 3797 1327 3883 aequationes
1348 3819 1390 3861 ex
1411 3796 1534 3862 calculo

237 3913 370 3984 repertae
380 3901 414 3963 in
424 3901 548 3964 minuto
558 3901 695 3964 secundo
710 3914 764 3965 aut
774 3901 875 3987 prope
887 3925 959 3967 cum
973 3905 1011 3967 iis
1025 3927 1097 3990 quae
1112 3903 1151 3966 ab
1167 3904 1412 3968 accuratioribus
1424 3905 1533 3970 obser·

238 4010 413 4074 rationibus
429 4012 630 4076 determinari
641 4024 821 4096 potuerunt,
845 4013 1049 4090 consentiant,
1068 4011 1154 4098 quod
1165 4013 1365 4076 autoritatem
1374 4014 1533 4100 integram

235 4117 281 4181 illi
294 4120 425 4183 theoriae
437 4121 591 4186 conciliat.
630 4121 751 4186 Calculi
761 4132 866 4184 autem
882 4120 935 4198 illi,
952 4142 1011 4184 nec
1021 4119 1126 4184 faciles
1138 4133 1220 4198 sunt,
1233 4143 1293 4186 nec
1304 4121 1532 4205 compendiosi,

234 4251 293 4295 nec
308 4255 431 4319 semper
446 4233 610 4297 commode
625 4234 666 4296 ad
681 4231 1033 4319 syntheticam'formam
1048 4227 1237 4308 reducendi3
1260 4253 1339 4316 quos
1357 4231 1531 4295 Newtonus

96 4387 101 4394 .
234 4335 414 4403 hicultimfi
429 4342 549 4405 ratione
563 4341 674 4403 lectori
689 4361 746 4403 suo
761 4340 868 4403 sistere
882 4339 995 4424 potuit,
1019 4359 1072 4402 eos
1095 4339 1255 4403 enucleate
1270 4339 1374 4417 trudit,
1399 4352 1531 4404 caeteros
1638 4327 1639 4334 ἵ

234 4445 358 4522 omittit,
375 4459 407 4510 et
421 4447 506 4531 quod
516 4467 557 4509 ex
568 4447 605 4509 iis
616 4446 775 4510 obtinetur
785 4445 916 4510 strictim
930 4446 964 4508 in
981 4443 1109 4508 Scholio
1120 4443 1245 4522 indicat,
1263 4456 1295 4508 et
1303 4446 1407 4530 primo
1419 4445 1531 4531 quales

233 4552 297 4616 sint
308 4553 371 4615 illae
382 4552 573 4639 aquationes
583 4554 676 4638 juxta
685 4565 935 4617 astronomorum
947 4551 1179 4616 observationes
1194 4551 1280 4628 dicit,
1295 4565 1327 4616 et
1341 4553 1530 4640 quibusnam
1638 4537 1639 4558 ¹
