3284 5517
219 316 283 382 824
453 306 737 390 *mamalum
758 303 966 372 PHYSICA
988 301 1041 370 IN
1063 292 1258 372 CAUSAM

217 505 305 551 marc
314 483 381 568 ja'm
393 480 558 566 deprimita
579 501 652 568 quc
664 478 830 547 diminutio
844 477 916 544 crim
934 475 1027 542 duret
1041 475 1106 540 fere
1121 472 1277 562 usquead
1292 470 1513 558 quadrabant,

218 613 346 660 maesse
371 603 419 656 eat
442 602 479 656 ut
501 589 550 655 his
574 588 766 674 temporibus
789 588 895 652 fluxus
920 584 1022 652 murltd
1047 583 1137 650 sititis
1157 596 1232 670 pust
1252 581 1515 648 culminationem

105 692 109 700 ’
221 699 323 766 Luuae
343 707 523 783 sequantur,
546 695 725 781 viribusque
743 693 978 760 sollicitantibus
998 693 1099 779 magis
1121 691 1355 776 obtemperent,
1383 689 1433 754 uti
1454 688 1515 754 hoc

218 806 317 875 fucitis
331 812 355 888 t.
371 814 423 871 91.
445 804 677 890 explicavimus,
699 802 785 868 unde
804 815 928 887 tempus
942 802 1158 868 retardationis
1177 803 1211 866 in
1225 799 1434 888 quadraturis
1448 813 1514 864 tan-

219 929 288 984 tum
301 915 361 979 erit
373 925 389 980 t
400 919 480 976 -a
524 910 603 977 Post
616 908 821 995 quadraturas
840 921 945 976 autern
961 909 1017 974 Sol
1031 910 1131 974 exerit
1144 909 1341 974 mntrarium
1356 905 1513 983 effectum,

219 1038 314 1109 atque
327 1023 495 1091 adventum
507 1019 612 1090 fluxile
626 1016 776 1087 coutiuud
790 1018 890 1104 magis
905 1017 1052 1096 retardat,
1076 1018 1171 1104 idque
1184 1017 1301 1105 equali
1313 1014 1429 1093 modo,
1452 1036 1513 1100 qao

221 1131 293 1198 aute
319 1129 552 1205 acceleraverat,
578 1147 619 1191 aa
643 1147 706 1212 quo
730 1147 830 1211 usque
855 1124 897 1190 ad
922 1138 1103 1212 sequentem
1125 1127 1283 1212 syzygiam
1310 1122 1513 1192 intervallum

130 1228 133 1239 ’
221 1245 321 1308 t-t
340 1239 455 1310 iterum
475 1235 517 1299 ad
530 1246 544 1299 t
557 1256 656 1320 usque
670 1234 845 1321 augebitur.
890 1233 1060 1321 Hujusque
1073 1233 1274 1319 phaenomeni
1296 1233 1399 1298 solius
1415 1233 1512 1316 expli·

220 1348 302 1415 catio
326 1346 468 1413 sufficere
488 1354 594 1428 posset
614 1343 657 1412 ad
669 1343 831 1412 veritatem
851 1341 982 1410 theorias
1002 1354 1120 1410 nasute
1141 1340 1360 1419 evincendam,
1385 1339 1460 1406 crim
1480 1339 1512 1404 id

220 1456 366 1521 omnibus
387 1454 455 1518 aliis
477 1451 604 1517 theoriis
625 1450 784 1536 explicatu
797 1452 838 1519 ait
858 1452 1088 1537 insuperabile;
1112 1473 1215 1538 neque
1229 1474 1248 1518 a
1261 1451 1395 1516 nemine
1409 1448 1512 1516 adhuc

221 1563 331 1628 saltem
344 1559 555 1646 probabilis
528 1581 596 1644 ejus
610 1581 705 1628 causa
718 1559 760 1625 sit
773 1558 939 1647 assignata.

264 1675 288 1751 t
316 1675 388 1738 107.
426 1666 583 1733 Octavum
618 1667 850 1751 phenomenon
885 1679 1028 1752 petsmrm
1057 1689 1099 1734 ex
1132 1667 1347 1755 inaequalitate
1376 1619 1511 1732 duorum

220 1775 363 1840 fluxuum
392 1796 460 1838 sese
487 1772 665 1841 immediate
691 1773 933 1860 insequentium,
959 1796 1094 1861 quorum
1121 1774 1201 1840 alter
1228 1775 1379 1842 ornatui
1408 1775 1508 1840 Lunae

220 1884 373 1968 superiori
401 1905 459 1968 per
487 1883 694 1956 meridianum
720 1884 901 1969 respondet,
927 1883 1006 1950 alter
1034 1883 1182 1963 inferiori,
1213 1907 1286 1972 qum
1314 1885 1510 1972 irraequolitas

219 1990 356 2062 maxime
377 1991 559 2064 observatu
579 1981 613 2056 in
633 1978 813 2078 regionibus
834 1993 874 2057 ab
895 2005 1054 2078 aequatcre
1073 1993 1207 2056 multum
1226 1995 1370 2072 marotia,
1393 1976 1510 2060 actum

220 2095 294 2168 cuim
320 2097 423 2163 Lunae
447 2096 614 2169 declinatio
637 2111 685 2166 est
706 2098 854 2165 mumma.
898 2097 1037 2164 Theoria
1061 2099 1190 2184 quidem
1211 2099 1355 2166 declarat
1377 2101 1509 2177 Lunam,

220 2208 342 2276 etiamsi
366 2210 399 2272 in
423 2210 494 2294 ipso
518 2219 678 2296 amatore
700 2222 849 2288 verssnu,
876 2221 982 2276 umen
1003 2209 1115 2295 majori
1138 2211 1170 2275 vi
1195 2210 1338 2298 gaudere
1361 2211 1405 2276 ad
1428 2231 1510 2276 mare

220 2315 420 2394 movendum,
446 2316 574 2403 quaudo
597 2339 693 2403 super
720 2316 884 2382 horizonte
908 2316 1115 2383 meridianum
1139 2317 1275 2404 attingit,
1307 2314 1406 2405 quim
1433 2315 1510 2380 inira

221 2423 433 2501 horizontem
444 2434 488 2489 at
500 2423 670 2490 discrimen
683 2424 742 2489 sub
757 2435 916 2511 oqmtore
929 2436 993 2492 tam
1007 2437 1055 2492 est
1064 2425 1223 2512 exiguum,
1235 2427 1342 2492 utrix
1355 2427 1390 2490 in
1405 2444 1509 2490 sensns

221 2557 387 2600 occurrere
406 2548 510 2623 queat,
532 2535 691 2623 integrum
711 2535 795 2600 enim
816 2535 951 2623 digitum
971 2557 1037 2600 non
1058 2535 1183 2623 attingit
1203 2539 1241 2621 (t.
1255 2537 1349 2617 41.);
1372 2549 1465 2621 atque
1478 2533 1509 2596 in
1619 2565 1620 2610 3

219 2644 402 2730 regionibus
416 2644 458 2708 ab
472 2654 631 2729 aequatura
642 2643 771 2721 remotis
785 2631 824 2707 fii
838 2640 939 2708 multb
949 2642 1062 2711 minus.
1107 2641 1192 2708 Vera
1205 2643 1301 2730 igitur
1316 2641 1412 2728 hujus
1426 2641 1509 2727 phat-

220 2753 348 2816 nomeni
371 2753 452 2816 ratio
475 2752 509 2816 in
532 2750 696 2817 altitudine
717 2751 821 2817 Lunae
842 2749 1015 2816 meridiani
1036 2773 1092 2815 aen
1114 2750 1261 2816 distantia
1282 2751 1325 2816 ab
1347 2749 1507 2814 horizonte

225 2860 403 2924 continetur
412 2882 423 2936 ι
443 2859 517 2923 hinc
538 2859 623 2924 enim
643 2858 783 2946 sequinrr
804 2865 870 2948 qud
890 2861 990 2946 major
1003 2858 1098 2925 iurarit
1111 2860 1283 2925 differentia
1298 2860 1384 2925 inter
1396 2859 1509 2923 daun·

220 2970 279 3033 tiss
294 2969 396 3033 Lunae
409 2969 451 3033 ab
464 2967 636 3048 horizonte,
652 2969 729 3034 dum
743 2991 803 3056 per
813 2969 1022 3034 meridianum
1035 2971 1148 3034 mansit
1161 2981 1228 3034 tum
1239 2991 1335 3055 super
1349 2968 1507 3033 horizonte
1618 2991 1619 2996 ¹

221 3088 288 3140 tum
303 3076 362 3140 sub
375 3075 548 3154 horizonta,
559 3074 599 3140 ed
612 3076 764 3161 majorem
779 3098 847 3142 esse
861 3076 975 3142 debere
989 3074 1195 3142 differentiam
1209 3075 1291 3140 inter
1303 3077 1398 3140 binos
1408 3074 1507 3138 fluxus

222 3184 423 3262 successivos,
447 3207 488 3249 ex
508 3206 572 3271 quo
592 3185 794 3270 perspicuum
808 3197 856 3250 est
876 3186 967 3249 istam
981 3183 1188 3250 differentiam
1200 3181 1309 3248 vernis
1330 3183 1423 3270 polos
1437 3197 1507 3243 con·

222 3290 310 3355 tinud
325 3314 463 3357 crescere
478 3291 603 3370 dehere,
625 3293 653 3356 si
673 3292 800 3378 quidem
823 3292 917 3358 Luna
936 3290 1051 3356 habeat
1071 3289 1318 3355 declinationem.
1367 3281 1507 3364 Quodsi
1618 3279 1619 3298 ¹

222 3418 298 3484 ergo
313 3398 406 3462 Luna
426 3397 573 3464 habuerit
584 3400 828 3466 declinationem
849 3397 1017 3476 borealem,
1040 3410 1108 3462 tum
1129 3399 1162 3462 in
1184 3397 1365 3483 regionibus
1387 3407 1507 3481 septen.

222 3503 405 3567 trionalibus
420 3505 525 3570 fluxus
540 3505 600 3569 erit
613 3507 714 3590 major
729 3505 783 3591 qui
798 3506 961 3570 transitum
982 3504 1085 3570 Lunoe
1098 3525 1155 3590 per
1169 3505 1377 3569 meridianum
1391 3500 1507 3587 superi·

222 3631 309 3674 orem
324 3611 473 3697 sequitur,
490 3613 569 3677 alter
582 3613 658 3677 verb
674 3635 817 3699 sequens,
830 3614 884 3699 qui
898 3613 1041 3678 murmuri
1055 3612 1194 3678 inferiori
1208 3615 1387 3700 respondet,
1398 3613 1505 3677 minor.
1618 3653 1619 3664 ι

224 3720 344 3786 Conui
366 3736 471 3788 autem
496 3723 523 3788 si
550 3724 652 3788 Lunae
675 3723 844 3790 declinatio
868 3723 962 3790 fuerit
986 3725 1139 3802 australis,
1169 3725 1314 3810 appulaui
1340 3725 1452 3824 Lunae¹
1467 3717 1505 3782 ad
1619 3734 1620 3829 J

222 3829 429 3895 meridianum
445 3832 597 3916 superiori
618 3833 723 3896 fluxus
738 3831 885 3898 succedet
898 3831 1010 3911 minor,
1034 3831 1172 3896 inferiori
1185 3830 1261 3895 verb
1275 3833 1391 3917 major3
1413 3828 1504 3892 hana·
1618 3849 1619 3878 ι

222 3957 285 4022 que
299 3935 506 4002 differentiam
519 3937 727 4004 Flamatedius
741 3939 918 4004 observavit
932 3939 1106 4027 diligenter,
1118 3939 1301 4025 nullumque
1312 3937 1503 4008 estdubium,

223 4042 300 4127 quin
330 4065 368 4107 ea
394 4066 452 4129 per
482 4046 708 4131 copiosissimas
736 4046 978 4124 observationes,
1006 4069 1093 4132 quas·
1111 4047 1284 4113 Academia
1312 4042 1505 4111 celeberrma

224 4149 327 4236 Regia
353 4149 496 4215 Parisino
520 4153 656 4242 collegit,
684 4155 813 4218 omnino
840 4154 1053 4219 confirmetur.
1105 4155 1144 4218 In
1170 4154 1231 4219 hoc
1256 4169 1360 4219 autem
1385 4147 1505 4237 negotio

222 4261 345 4326 indoles
365 4263 510 4328 fluxuum
530 4264 630 4350 probe
653 4277 703 4330 est
725 4265 929 4351 inspicienda,
955 4267 1103 4353 quoniam
1126 4267 1281 4354 aliquibus
1304 4267 1338 4330 in
1360 4257 1504 4350 pottubus

223 4381 389 4454 tantopere
408 4372 617 4452 retardantur,
640 4387 676 4439 ut
697 4376 896 4460 sequentibus
920 4376 1021 4440 Lunae
1040 4377 1221 4442 transitibus
1235 4397 1292 4462 per
1306 4373 1505 4440 meridianum

224 4479 287 4543 sint
311 4480 484 4564 propiores,
508 4481 603 4568 qudm
627 4483 683 4561 illi,
711 4485 763 4548 cui
787 4505 877 4548 suam
899 4485 1053 4573 originem
1079 4485 1193 4551 debent
1200 4509 1209 4563 3
1242 4487 1285 4550 ita
1306 4482 1506 4563 Dunkerquoe

223 4588 308 4654 circs
322 4591 463 4677 syzygias
478 4591 584 4656 fluxus
599 4592 724 4657 circiter
736 4593 867 4658 meridie
889 4591 1047 4658 observari
1067 4595 1154 4672 solet,
1177 4613 1280 4681 neque
1293 4593 1368 4659 verb
1388 4588 1431 4654 illi
1450 4580 1505 4671 ipsi
