3284 5517
467 359 660 429 FLUXUS
679 361 752 427 AC.
765 353 1201 426 Rurnuxttsmurs
1413 346 1477 410 267

185 587 189 595 .
230 536 323 616 §.82
348 531 590 598 Consideremus
612 533 709 621 igitur
728 530 867 617 primurn
889 531 1023 594 Terram
1044 528 1078 590 in
1098 537 1179 589 statu
1197 541 1254 585 suo
1276 514 1421 592 naturali,
1445 511 1478 575 in

186 665 282 730 quem
301 667 336 708 se
357 644 423 708 soli
445 645 476 707 vi
497 645 658 730 gravitatis
680 643 875 728 composuit;
897 641 1019 727 inquo,
1043 635 1116 701 calm
1129 631 1276 698 habitura
1289 629 1329 693 sit
1343 629 1477 714 liguram

187 751 384 836 sphaericam,
406 765 611 836 reproesentet
631 752 767 817 circulus
788 753 820 815 A
835 752 871 816 D
886 751 915 816 B
931 750 960 813 E
982 769 1037 812 seu
1058 744 1163 832 potiris
1183 744 1297 830 globus
1312 743 1379 826 ejus
1394 755 1477 804 rota·

187 859 273 923 tione
287 873 375 924 ortus
391 859 535 940 Terram,
558 882 652 944 quam
666 872 819 944 praeterea
832 857 971 944 undique
986 853 1066 940 aqud
1081 849 1300 916 circumfusam
1320 849 1477 938 ponimus

188 963 340 1029 Versetur
356 968 423 1050 jam
446 968 502 1031 Sol
523 967 574 1030 vel
596 966 689 1030 Luna
709 965 743 1028 in
766 967 799 1044 S,
823 987 843 1027 a
857 965 944 1049 cujus
959 962 990 1024 vi
1010 958 1082 1026 crim
1096 957 1232 1046 gravitas
1247 955 1397 1019 naturalis
1413 967 1477 1018 tam

187 1073 221 1136 in
243 1075 276 1138 A
296 1071 446 1164 qudm⁴in
469 1076 498 1140 B
520 1075 721 1152 diminuatur,
743 1074 776 1136 in
799 1074 835 1138 D
848 1071 923 1137 verb
938 1084 969 1136 et
986 1069 1014 1132 Ε
1031 1064 1193 1156 augeatur-⁴,
1216 1065 1415 1130 menifestum
1428 1077 1478 1128 est

188 1180 322 1245 Terram
337 1204 391 1248 seu
406 1180 511 1267 potiris
525 1204 638 1268 aquam
652 1181 699 1244 illi
711 1179 931 1245 circumfusam
946 1178 1098 1242 elevatum
1113 1175 1153 1237 iri
1167 1175 1200 1236 in
1216 1174 1246 1238 A
1262 1188 1293 1237 et
1308 1173 1347 1250 B,
1369 1172 1478 1239 contra

187 1287 264 1352 verb
287 1288 322 1350 in
346 1289 382 1354 D
406 1301 439 1352 et
463 1289 493 1352 E
517 1287 661 1372 deprimi,
685 1287 781 1372 idque
802 1307 951 1370 eousque,
976 1282 1086 1368 quoad
1104 1278 1335 1345 sollicitationes
1360 1303 1378 1344 a
1403 1280 1477 1347 Sole

189 1395 320 1460 Luudve
333 1396 367 1459 in
384 1397 407 1462 S
421 1395 564 1460 oriundae
574 1417 647 1460 curn
657 1396 689 1458 vi
702 1393 862 1482 gravitatis
874 1392 915 1456 ad
925 1391 1023 1477 aequi-

185 1503 312 1568 librium
326 1503 443 1568 fuerint
455 1503 600 1568 redactae.
633 1503 681 1568 Sit
694 1503 800 1588 itaque
811 1523 907 1566 curva
916 1500 964 1564 ad
974 1501 1022 1564 be

187 1633 225 1674 ea
249 1609 362 1696 figura,
389 1629 460 1695 quae
484 1609 568 1674 circa
589 1630 682 1672 axem
701 1609 756 1671 ab
774 1620 877 1672 rotata
894 1619 1023 1694 generet

189 1709 301 1776 Terrae
314 1709 458 1788 formam,
475 1733 570 1797 quam
583 1735 604 1775 a
616 1711 703 1775 viad
725 1713 749 1776 S
762 1711 881 1776 directi
896 1711 1021 1774 taudem

187 1813 325 1898 recipiet,
336 1812 513 1900 atquecirm
522 1814 915 1899 uquaeuuucponauturin
926 1811 1023 1898 requi-

186 1916 280 1980 librio
300 1917 488 1994 constitutae,
512 1938 640 1980 necesse
662 1929 710 1980 est
722 1929 759 1980 ut
771 1917 903 1982 directio
919 1915 1024 1980 media

188 2026 329 2091 omnium
350 2025 614 2101 sollicitationum,
637 2025 751 2110 quibus
765 2024 898 2110 siugulae
913 2024 1024 2088 Terrae

187 2135 350 2220 particulae
371 2135 405 2198 in
425 2133 572 2220 supremi
586 2134 751 2218 superficie
770 2135 839 2199 sitae
860 2145 1022 2220 urgentur,

190 2243 233 2308 ad
257 2245 358 2329 ipsam
384 2244 581 2329 superficiem
603 2245 643 2307 sit
665 2243 824 2310 normalis.
869 2243 978 2320 Quare
998 2242 1025 2307 si
1068 2279 1090 2325 Β

188 2354 378 2439 particulam
399 2374 617 2440 quamcunque
639 2351 680 2417 M
702 2363 897 2438 spectemus,¹
910 2373 947 2414 ca
960 2350 1026 2434 pri·

189 2460 278 2525 mrim
292 2485 312 2525 a
325 2463 476 2548 gravitate
490 2459 626 2524 naturali
639 2460 673 2523 in
686 2460 858 2525 directione
874 2459 914 2526 M
930 2459 958 2524 C
973 2480 1026 2524 ur-

189 2580 282 2656 getur
298 2565 456 2644 deorsum,
474 2565 568 2652 idque
586 2566 627 2643 vi,
639 2588 733 2652 quam
745 2577 922 2631 constanter
935 2567 1027 2653 poni·
1117 2580 1149 2630 ιι

191 2699 262 2740 mus
282 2701 315 2736 =
339 2683 376 2752 l;
398 2677 516 2762 quippe
537 2699 609 2763 quae
628 2687 675 2740 est
696 2676 765 2761 ipsa
777 2677 913 2764 gravitas
927 2677 961 2740 in
975 2699 1026 2742 su·

189 2784 318 2870 perficie
340 2783 460 2862 Teme,
484 2784 522 2851 ed
538 2785 624 2872 qubd
645 2785 777 2851 elevatio
791 2787 842 2850 vel
863 2785 1022 2872 depressio

191 2891 353 2979 particulae
368 2893 546 2958 distantmm
561 2896 628 2979 ejus
641 2917 661 2959 a
675 2910 784 2960 centro
795 2897 917 2976 Terrae,
929 2920 949 2960 a
962 2897 1023 2984 quai
1035 2897 1164 2962 variatio
1178 2894 1338 2985 gravitatis
1354 2889 1481 2977 pendet,

191 3000 376 3066 sensibiliter
396 3023 462 3064 non
482 3003 634 3067 immutet
689 3005 817 3069 Deinde
843 3005 918 3068 verb
940 3005 1050 3070 eadem
1072 3003 1225 3090 particula
1247 3003 1287 3068 M
1309 3025 1329 3066 a
1349 3001 1381 3064 vi
1402 3000 1434 3063 in
1460 2999 1483 3063 S

194 3111 347 3176 existente
368 3109 549 3175 sollicitatur
568 3110 687 3197 duplici
707 3114 748 3191 vi,
772 3135 905 3199 quarum
924 3114 1049 3178 alterius
1064 3113 1195 3177 directio
1217 3113 1251 3175 in
1273 3110 1373 3195 ipsam
1396 3107 1436 3172 M
1454 3106 1484 3171 C

190 3216 310 3295 incidit,
326 3216 452 3281 alterius
467 3216 542 3282 verb
556 3217 591 3281 in
607 3217 648 3282 M
658 3218 689 3281 R
703 3219 878 3283 normalem
893 3219 933 3282 ad
950 3217 989 3284 M
1002 3219 1040 3282 C.
1086 3219 1244 3294 Quocirca
1259 3217 1355 3280 trium
1370 3215 1482 3278 harum

191 3326 305 3391 virium
326 3325 461 3390 mediam
482 3325 685 3392 directionem
706 3328 844 3392 incidere
866 3340 991 3414 oportet
1011 3329 1043 3391 in
1066 3340 1183 3392 rectam
1207 3327 1246 3392 M
1265 3328 1292 3392 N
1310 3325 1483 3390 normalem

85 3449 88 3452 ’
193 3437 235 3502 ad
251 3459 379 3504 curvam
394 3461 412 3500 a
428 3436 467 3500 M
483 3435 515 3516 d,
531 3459 596 3523 quo
608 3438 677 3521 ipso
690 3449 803 3501 natura
816 3434 909 3521 hujus
925 3459 1029 3502 curvae
1044 3437 1309 3503 determinabitur.

235 3553 259 3630 i.
276 3557 328 3612 33.
351 3546 495 3611 Dubium
515 3544 568 3610 hie
589 3545 734 3610 subnasci
755 3560 870 3631 posset,
894 3547 979 3632 quod
994 3545 1066 3613 crim
1081 3547 1122 3613 ad
1142 3571 1283 3634 praesens
1306 3547 1483 3611 institutum

192 3655 332 3720 omnium
353 3655 477 3731 virium,
501 3655 613 3740 quibus
635 3654 768 3742 singulae
789 3655 952 3739 particulae
968 3657 1182 3736 sollicitantur,
1207 3659 1287 3722 ratio
1303 3657 1412 3720 haberi
1428 3656 1484 3719 de-

192 3759 275 3837 beat,
298 3782 367 3824 eum
388 3758 441 3824 bic
461 3761 666 3848 negligamus,
683 3783 753 3847 quae
769 3761 831 3825 avi
847 3762 1020 3850 centrifugd
1041 3764 1145 3830 motis
1169 3765 1280 3830 Terrae
1294 3765 1399 3829 diurni
1422 3765 1484 3826 ori-

193 3881 256 3945 tur,
279 3870 396 3956 quippe
416 3889 488 3954 quae
509 3889 574 3932 nou
595 3867 696 3933 soldm
716 3891 781 3932 nou
804 3883 852 3934 est
876 3871 997 3936 infinite
1020 3895 1128 3958 parva,
1152 3875 1207 3938 sed
1233 3874 1339 3938 multis
1365 3873 1485 3938 vicibus

192 3977 302 4062 major,
325 3972 420 4060 qudm
440 3977 521 4040 vires
542 4000 614 4062 quae
635 3976 685 4041 rel
708 4001 727 4042 a
743 3978 817 4043 Sole
831 3980 880 4043 vel
897 3980 989 4045 Luni
1003 3981 1173 4048 resultant:
1197 3983 1253 4048 sed
1268 3983 1341 4068 quia
1354 3982 1424 4046 baec
1438 3981 1485 4046 vis

193 4101 390 4154 constantem
412 4087 559 4171 producit
579 4089 735 4168 effectum,
758 4089 870 4154 Terrae
892 4091 1010 4157 scilicet
1028 4093 1163 4180 figuram
1184 4093 1422 4178 sphaeroidicam
1445 4093 1487 4158 ad

193 4194 284 4281 polos
306 4213 525 4277 compressam,
548 4195 764 4272 mutationem,
788 4218 860 4281 quae
882 4197 913 4259 in
933 4199 1022 4262 fluxu
1036 4221 1073 4262 ac
1092 4201 1215 4264 refluxu
1229 4200 1324 4264 maris
1339 4199 1487 4264 observa-

194 4317 257 4382 tur,
283 4302 471 4367 sensibiliter
496 4302 619 4367 afficere
644 4304 762 4391 nequit.
817 4305 946 4370 Deinde
972 4308 1112 4392 quemvis
1138 4305 1192 4374 hic
1215 4309 1348 4396 liguram
1375 4309 1487 4373 Terrae

196 4412 383 4497 sphaericam
396 4433 562 4496 ponamus,
585 4424 691 4476 tamen
706 4413 740 4476 in
754 4415 983 4479 aberrationem
1001 4415 1160 4500 praecipud
1175 4418 1215 4481 ab
1229 4417 1289 4482 bac
1305 4418 1405 4503 figura
1423 4431 1484 4480 tarn

197 4541 217 4582 a
239 4519 312 4586 Sole
334 4518 428 4605 quam
451 4518 544 4584 Luni
568 4519 733 4583 oriundam
749 4521 954 4606 inquirimus:
978 4521 1174 4586 manifestum
1189 4536 1293 4588 autern
1309 4537 1365 4602 est,
1389 4547 1488 4609 quan·

197 4639 265 4692 tum
286 4611 388 4716 figura
408 4652 499 4716 aqum
520 4630 562 4694 ob
577 4630 658 4695 vires
675 4628 757 4694 Solis
775 4629 916 4694 Lunaeve
939 4654 957 4694 a
979 4631 1132 4716 sphmricrl
1149 4633 1282 4711 recedat,
1304 4631 1488 4698 tantundem
1577 4620 1580 4628 ’
