3284 5517
161 399 222 458 198
400 397 404 409 ¹
464 364 809 458 annosorum
832 388 1109 461 nannenus
1142 392 1353 475 [nauum.
1366 396 1469 461 sm.

161 566 257 640 1573,
272 558 381 626 mense
395 560 548 627 Januario
560 562 665 627 minor
675 574 744 628 erat
754 562 835 629 Jove
843 575 875 628 et
885 566 984 651 major
997 566 1090 645 Sirio,
1101 566 1153 631 cui
1167 568 1199 629 in
1214 566 1279 631 fine
1294 566 1469 631 Februarii

157 680 192 734 et
212 669 324 735 Martii
347 670 437 734 initio
457 671 556 735 erasit
577 672 718 759 aequalis.
763 671 879 739 Mense
905 672 1006 759 Aprili
1026 692 1058 738 et
1080 672 1171 739 Maio
1193 674 1290 739 stellis
1311 674 1469 739 secundae

157 776 393 866 magnitudinis,
408 778 516 856 Junio,
532 778 620 845 Julio
633 792 667 845 et
678 781 825 868 Angusto
839 780 936 847 stellis
952 782 1052 847 tertia
1066 782 1300 870 magnitudinis,
1316 784 1467 869 Septem·

159 884 220 963 bri,
245 884 378 949 Octobri
398 898 432 949 et
452 884 628 951 Novembri
649 886 747 951 stellis
768 900 899 975 quartae,
924 888 1097 953 Decembri
1111 900 1144 953 et
1158 890 1233 953 anni
1255 896 1338 959 1574
1352 912 1468 955 mense

160 993 313 1059 Januario
333 992 432 1058 stellis
454 993 583 1081 quinne,
607 1004 639 1058 et
658 996 767 1059 mense
794 992 968 1060 Februario
998 994 1099 1059 stellis'
1116 1007 1220 1060 sexta*
1234 996 1466 1085 magnitudinis

161 1101 290 1188 aqualis
312 1101 487 1181 videbatur,
512 1114 545 1167 et
567 1125 676 1168 mense
702 1103 824 1170 Martio
847 1126 888 1170 ex
913 1105 1012 1170 oculis
1036 1106 1172 1171 evanuit
1223 1107 1321 1173 Color
1346 1108 1395 1171 illi
1422 1108 1466 1173 ab

161 1211 251 1275 initio
272 1210 385 1289 clarus,
407 1210 546 1275 albicans
566 1234 605 1276 ac
626 1210 818 1297 splendidus,
841 1224 952 1299 postea
971 1214 1081 1295 flams,
1103 1228 1136 1279 et
1156 1216 1231 1281 anni
1255 1224 1337 1286 1573
1353 1240 1468 1284 mense

163 1318 285 1385 Martio
297 1317 431 1383 rutilans
445 1316 545 1383 instar
560 1317 677 1385 Martis
691 1330 747 1385 aut
761 1318 861 1385 stellae
877 1320 1072 1401 Aldcbaran‚
1096 1313 1307 1411 Maioflautcin
1321 1325 1468 1393 altitudi-

160 1448 236 1491 nem
260 1422 448 1495 sublividum
469 1423 605 1504 induxit,
632 1423 757 1512 qualem
779 1426 813 1489 in
841 1428 978 1493 Saturno
1004 1430 1172 1509 cernimus,
1203 1453 1298 1517 quem
1322 1432 1468 1497 colorem

161 1556 263 1621 nsque
283 1532 430 1597 induem
452 1532 596 1609 servarit,
619 1554 743 1619 semper
756 1546 869 1619 tamen*
878 1535 1041 1601 obscurior
1056 1536 1145 1601 sacta.
1190 1536 1279 1602 Talis
1294 1539 1389 1602 etiam
1405 1537 1469 1605 fuit

121 1702 129 1717 ,
162 1646 252 1709 stella
273 1644 436 1709 in‘dextro
455 1644 538 1729 pede
554 1644 757 1729 Serpentarii,
774 1658 870 1732 quam
886 1644 1018 1731 Kepleri
1032 1646 1276 1732 discipuli'anno
1293 1657 1388 1727 1604,
1414 1648 1468 1713 die

163 1764 208 1821 80
229 1755 423 1842 Septembris
445 1766 483 1819 st.
498 1767 560 1819 vet.
576 1773 729 1840 apparere
742 1756 875 1840 coepisse
891 1755 1108 1835 observarunt,
1131 1766 1164 1820 et
1184 1755 1254 1822 luce
1269 1755 1325 1820 sui
1341 1757 1468 1821 stellam

162 1865 252 1931 Juvis
267 1886 440 1951 superasse,
463 1862 537 1929 crim
549 1876 645 1929 nocte
656 1864 857 1950 praecedente
871 1862 1001 1928 minimi
1015 1864 1220 1950 apparuisset.
1265 1866 1319 1931 Ab
1334 1888 1375 1931 eo
1388 1866 1468 1933 veri

162 1986 307 2059 tempore
322 1972 474 2059 paulatim
488 1973 637 2050 decrevit,
653 1983 686 2037 et
700 1974 803 2057 spatio
817 1972 973 2036 mensium
988 1970 1168 2060 quindecim
1182 1972 1232 2037 vel
1248 1972 1411 2039 sexdecim
1428 1996 1470 2037 ex
1592 2002 1593 2043 t

163 2080 264 2145 oculis
285 2080 421 2145 evanuit.
474 2078 549 2144 Tali
570 2078 666 2143 etiam
687 2078 777 2144 stalli
797 2078 879 2144 novi
901 2080 1149 2164 supramodum
1170 2080 1355 2165 splendente
1380 2081 1471 2165 Hip·

163 2187 303 2273 parchus
324 2186 365 2251 ad
387 2186 469 2251 fixas
491 2184 703 2251 observandas
718 2198 751 2253 et
771 2186 999 2275 incatalogum
1013 2186 1192 2251 referendas
1206 2186 1359 2251 excitatus
1373 2186 1472 2253 fuisse

164 2298 290 2363 dicitur.
337 2297 402 2365 Sed
415 2290 504 2376 fiioe,
518 2290 590 2384 quoe
603 2318 662 2382 per
675 2294 763 2361 vices
775 2308 929 2382 apparent
943 2308 975 2361 et
989 2306 1188 2374 evanescunt,
1210 2318 1344 2383 quaque
1357 2297 1472 2382 paula·

165 2410 225 2473 tim
238 2422 395 2487 crescunt,
418 2422 450 2475 et
469 2409 542 2475 luce
556 2406 612 2474 sui
629 2408 710 2473 fixas
725 2408 826 2472 tertiae
841 2404 1066 2495 magnitudinis
1081 2406 1135 2471 vix
1150 2428 1288 2493 unquam
1303 2420 1471 2493 superant,
1597 2456 1598 2459 η

51 2588 56 2599 1
164 2515 313 2581 videntur
333 2538 403 2582 esse
423 2515 548 2604 generis
568 2510 707 2594 alterius,
731 2526 764 2580 et
776 2512 970 2578 revolvendo
992 2525 1116 2598 partem
1137 2512 1275 2579 lucidam
1289 2526 1322 2579 et
1342 2527 1472 2601 partem

166 2626 333 2696 obscuram
353 2647 413 2712 per
434 2627 517 2692 vices
538 2625 712 2691 ostendere.
741 2624 918 2710 '‘Vapores
939 2634 1057 2701 autem,
1070 2622 1137 2711 ‘qui
1160 2645 1200 2688 ex
1226 2623 1300 2689 Sole
1322 2636 1353 2687 et
1371 2622 1472 2689 stellis

166 2732 240 2796 fixis
254 2744 287 2798 et
301 2733 410 2798 caude
425 2744 618 2797 wmemmm
632 2734 788 2810 oriuntur,
804 2730 945 2795 incidere
959 2742 1092 2815 possunt
1104 2753 1163 2817 per
1176 2730 1363 2819 gravitatem
1379 2756 1473 2798 suam

166 2842 201 2905 in
223 2843 449 2928 annosphaeras
472 2842 670 2928 planetarum
692 2855 725 2907 et
750 2840 795 2907 ibi
817 2840 1005 2907 condensari
1028 2852 1060 2905 et
1084 2842 1225 2907 converti
1248 2842 1279 2905 in
1303 2864 1418 2929 aquam
1442 2858 1475 2909 et

168 2949 298 3033 spiritus
313 2949 472 3028 humidos,
489 2962 521 3013 et
536 2947 669 3013 subinde
683 2970 742 3035 per
755 2947 877 3013 lentum
893 2947 1030 3012 calorem
1044 2948 1078 3013 in
1094 2950 1184 3027 sales,
1207 2961 1239 3013 et
1254 2948 1414 3035 sulphura,
1440 2964 1472 3016 et

169 3056 341 3133 tincturas,
351 3066 383 3119 et
396 3056 517 3133 limum,
533 3071 565 3121 et
578 3054 691 3134 lutum,
707 3066 739 3120 et
752 3055 907 3143 argillam,
919 3066 952 3119 et
961 3056 1098 3134 arenam,
1112 3068 1144 3122 et
1157 3056 1286 3143 lapides,
1300 3070 1332 3122 et
1342 3058 1474 3139 corella,

170 3175 202 3231 ct
217 3161 405 3231 substautias
420 3162 497 3230 alias
512 3174 675 3229 terrestres
689 3160 844 3250 paulatim
857 3162 1004 3259 migrare.

548 3434 805 3503 SCHOLIUM
828 3434 1098 3510 GENERALE.

217 3630 257 3720 (²)
281 3632 480 3721 Hypothesis
501 3632 656 3698 sordem
677 3632 785 3699 multis
805 3631 961 3720 premitur
982 3628 1225 3697 difficultatibus.
1276 3630 1324 3696 Ut
1343 3629 1476 3715 planeta

174 3744 390 3831 unusquisque
411 3744 501 3809 radio
521 3744 562 3809 ad
591 3743 695 3809 Solem
723 3744 819 3808 ducto
843 3765 931 3807 areas
954 3742 1110 3807 describat
1134 3742 1270 3827 tempori
1293 3740 1478 3827 proportio·

172 3851 272 3930 nales,
302 3862 446 3935 tempora
478 3850 639 3935 periodica
667 3850 805 3934 partium
834 3850 961 3913 vorticis
985 3848 1138 3913 deberent
1167 3870 1235 3913 esse
1257 3848 1290 3911 in
1312 3845 1478 3932 duplicati

174 3958 302 4024 ratione
330 3957 551 4037 disanaarum
579 3981 599 4021 a
629 3956 713 4023 Sole.
775 3956 823 4022 Ut
844 3956 1004 4041 periodica
1025 3956 1222 4041 planetarum
1241 3967 1384 4039 tempora
1414 3955 1482 4018 sirit

172 4066 207 4129 in
227 4065 434 4153 proportione
455 4063 673 4153 sesquipiicatri
688 4062 906 4129 distantiarum
921 4086 941 4127 a
957 4064 1041 4141 Sole,
1064 4076 1207 4149 tempora
1220 4062 1381 4148 periodica
1400 4082 1479 4147 par·

173 4174 254 4239 tium
283 4174 409 4238 vorticis
434 4174 586 4240 deberent
614 4194 682 4238 esse
711 4172 744 4235 in
769 4170 989 4259 sesquiplicatri
1013 4170 1233 4263 distantiarum
1257 4172 1478 4257 proportione.

176 4282 225 4347 Ut
239 4282 372 4346 vortices
386 4282 524 4345 minores
538 4282 659 4345 circum
671 4281 853 4358 Satumum,
866 4281 887 4344 J
888 4300 978 4344 ovem
993 4290 1024 4344 et
1038 4277 1116 4343 alios
1130 4279 1271 4366 planetas
1284 4279 1388 4366 gyrati
1399 4302 1479 4345 corr-

176 4399 339 4478 serventur
354 4399 386 4452 et
399 4386 566 4474 tranquille
580 4398 690 4452 natent
710 4386 744 4449 in
758 4386 877 4449 vortice
894 4384 986 4463 Solis,
1007 4396 1150 4469 tempora
1165 4382 1324 4468 periodica
1338 4385 1480 4469 partium

181 4494 308 4560 vorticis
323 4493 432 4558 solaris
447 4493 599 4577 deberent
612 4514 681 4559 esse
696 4490 838 4579 aequalia.
885 4491 1110 4557 Revolutiones
1126 4490 1209 4557 Solis
1223 4503 1256 4557 et
1275 4490 1479 4577 planetarum

177 4664 265 4779 affl·
272 4666 590 4792 ‘wgwlidjdirmm'
626 4662 712 4729 (Prop
730 4662 795 4713 LII.
808 4658 868 4771 Ιιῒυ.λ
878 4660 916 4711 11.
929 4676 984 4711 cum
1003 4660 1091 4712 coroll
1110 4660 1190 4712 smol.
1207 4660 1277 4726 Prcp.
1292 4661 1351 4712 XL.
1367 4660 1423 4713 Lm
1440 4662 1480 4713 11.
