3284 5517
167 394 471 477 LmnnTsnrrua]
501 393 747 459 PRINCIPIA
769 391 1145 459 MATHEMATICA.
1401 345 1463 463 tit)

164 570 228 635 line
242 569 361 648 cureris,
376 570 432 635 ubi
446 568 550 635 motlts
564 568 744 654 appareatis
762 590 838 654 pars
858 568 922 651 illa,
945 590 1017 655 quae
1031 591 1050 631 a
1064 566 1217 652 parallaxi
1231 566 1341 643 oritur,
1365 564 1463 653 majo·

161 698 230 741 rem
251 676 345 741 babet
368 678 604 761 proportionem
626 676 667 740 ad
686 689 806 741 motum
822 688 923 741 totum
938 688 1151 759 apparentem,
1175 673 1341 737 deflectere
1356 676 1459 739 solent

160 788 202 851 ab
215 786 265 851 his
279 787 414 866 circulis,
432 800 465 852 et
478 788 600 873 quoties
609 786 714 850 Terra
726 798 869 850 movetur
884 786 918 847 iu
932 806 1027 847 unam
1040 796 1172 869 partem,
1189 782 1276 845 abire
1291 782 1325 844 in
1339 796 1459 867 partem

159 896 361 961 contrariam.
407 894 520 960 Oritur
539 894 611 959 hoec
630 894 766 959 deflexio
787 891 924 958 maxime
946 914 987 956 ex
1007 892 1169 975 parallaxi
1192 903 1360 975 propterea
1374 897 1457 978 quod

160 1004 329 1088 respondet
350 1003 451 1069 motui
472 1003 601 1077 Terrae3
624 1014 659 1065 et
671 1001 802 1089 insignis
825 1002 891 1086 ejus
907 1000 1072 1086 quantitas,
1095 1020 1166 1061 meo
1181 1010 1340 1081 computo,
1364 998 1460 1063 collo-

160 1110 242 1174 cavit
262 1110 457 1194 disparentes
472 1122 610 1173 cometas
625 1109 699 1171 satis
713 1108 808 1196 longe
830 1106 910 1171 infra
925 1108 1046 1173 lovem.
1093 1104 1189 1171 Unde
1204 1125 1397 1191 consequens
1413 1120 1460 1173 est
1493 1126 1497 1177 ἢ

159 1220 245 1305 quod
269 1222 302 1283 in
325 1221 470 1307 perigenis
495 1231 528 1283 et
547 1218 717 1305 periheliis
743 1219 799 1282 ubi
820 1216 952 1303 propiris
976 1218 1101 1296 adsunt,
1127 1216 1323 1283 descendunt
1344 1217 1459 1303 saepius

160 1328 244 1391 intra
255 1328 350 1391 orbes
366 1328 481 1393 Martis
496 1341 528 1391 et
542 1326 725 1392 inferiorum
738 1326 946 1411 planetarum.
1341 1332 1345 1343 '

205 1435 420 1499 confirmatur
435 1434 528 1499 etiam
543 1435 761 1522 propinquitas
776 1446 969 1501 cometarum
986 1437 1023 1523 (²)
1040 1458 1080 1503 ex
1094 1437 1164 1502 luce
1180 1438 1327 1523 capitum.
1374 1437 1456 1501 Nam

158 1544 297 1630 corporis
312 1546 445 1611 coelestis
460 1570 480 1609 a
496 1544 569 1611 Sole
575 1546 729 1609 ‘illustrati
743 1557 776 1609 et
789 1546 823 1609 in
838 1547 982 1634 regiones
997 1547 1184 1635 longinquas
1195 1548 1348 1624 abeuntis,
1365 1547 1458 1610 dimi-

155 1653 265 1716 nuitur
287 1653 438 1737 splendor
458 1654 492 1718 in
513 1652 750 1739 quadruplicati
771 1653 895 1717 ratione
918 1654 1093 1718 distentia:
1117 1654 1149 1717 in
1164 1653 1322 1738 duplicati
1338 1655 1458 1718 ratione

155 1761 299 1827 videlicet
312 1763 356 1826 ob
370 1775 493 1831 auctam
509 1762 649 1847 corporis
664 1762 844 1827 distantiam
857 1786 876 1827 a
889 1762 973 1841 Sole,
990 1774 1021 1828 et
1035 1764 1068 1827 in
1082 1762 1142 1827 alit
1158 1763 1315 1847 duplicatis
1335 1766 1456 1829 ratione

155 1869 197 1932 ob
219 1869 405 1933 diminutam
427 1870 615 1933 diametrum
636 1882 850 1954 apparentem.
877 1920 880 1928 s
896 1870 992 1937 Unde
1007 1872 1032 1935 si
1048 1871 1140 1935 detur
1154 1885 1194 1935 et
1205 1872 1283 1936 lucis
1297 1874 1454 1961 quantitas
1470 1924 1476 1933 .

154 1989 188 2041 et
202 2000 357 2062 apparens
371 1979 523 2043 diameter
538 1990 678 2055 cometa,
696 1978 822 2042 dabitur
835 1978 991 2056 distantia,
1008 1978 1142 2043 dicendo
1154 1978 1239 2065 quod
1254 1980 1402 2045 distantia
1415 1982 1457 2045 sit

154 2084 196 2149 ad
210 2085 389 2149 distantiam
401 2084 549 2172 planetae,
566 2084 599 2148 in
614 2084 735 2148 ratione
749 2084 894 2148 diametri
908 2084 951 2149 ad
964 2084 1152 2149 diametrum
1159 2084 1279 2158 ¹directe
1291 2099 1324 2151 et
1334 2089 1456 2153 ratione

154 2192 313 2277 duplicata
328 2194 407 2257 lucis
422 2193 464 2257 ad
478 2193 581 2262 lucem
595 2192 727 2257 inverse.
767 2194 820 2258 Sic
835 2194 965 2258 minima
980 2193 1120 2278 capillitii
1135 2207 1265 2259 cometae
1281 2198 1354 2260 anni
1373 2207 1455 2264 1682

152 2301 314 2378 diameter,
334 2324 393 2387 per
406 2302 518 2365 tubum
534 2301 674 2385 opticum
691 2300 849 2366 sexdecim
872 2301 990 2386 pedum
1004 2324 1024 2365 a
1039 2302 1230 2369 Flamstedio
1245 2305 1410 2372 observata
1424 2320 1456 2373 et

150 2412 353 2482 micrometro
365 2426 555 2487 mensurata,
571 2413 717 2500 aequabat
731 2414 772 2476 θ’.
788 2415 848 2488 ο”;
863 2412 993 2476 nucleus
1008 2426 1111 2478 autem
1126 2437 1181 2478 seu
1197 2414 1286 2479 stella
1300 2416 1333 2479 in
1348 2417 1455 2483 medio

152 2523 262 2607 capitis
276 2524 331 2587 vix
345 2522 498 2587 decimam
512 2534 634 2606 partem
656 2522 829 2586 latitudiuis
844 2520 938 2607 hujus
953 2524 1136 2607 occupabat,
1161 2524 1295 2613 ideoque
1311 2525 1374 2591 leta
1388 2540 1456 2593 eret

152 2631 435 2700 tantnm11“.vel
463 2632 534 2695 ltu.
593 2631 681 2695 Luoe
704 2630 780 2695 verb
806 2644 839 2696 et
863 2631 1003 2697 claritate
1028 2634 1138 2719 cupitis
1164 2637 1333 2719 superabat
1357 2646 1454 2721 caput

151 2750 283 2802 cometae
297 2738 373 2801 anni
390 2746 484 2815 1680,
509 2737 675 2823 stellasque
688 2738 799 2822 primae
814 2737 863 2801 vel
887 2736 1033 2803 secundae
1046 2740 1271 2827 magnitudinis
1286 2742 1455 2807 aemulaba-

148 2860 210 2911 tur.
256 2848 416 2911 Ponamus
440 2849 610 2913 Saturnum
634 2868 708 2911 cum
730 2847 848 2910 annulo
870 2870 928 2911 suo
950 2850 1040 2935 quasi
1064 2850 1241 2935 quadruplo
1266 2852 1448 2927 lucidiorem

147 2941 261 3017 luisse:
284 2967 316 3017 et
337 2953 486 3039 quonium
506 2954 564 3016 lux
584 2952 693 3016 annuli
714 2953 943 3037 propemodum
960 2954 1104 3041 aequabat
1126 2956 1227 3020 lucem
1243 2958 1329 3044 globi
1351 2958 1448 3023 inter·

147 3061 255 3139 medii,
277 3074 310 3125 et
329 3060 481 3125 diameter
502 3081 658 3145 apparens
677 3060 765 3148 globi
780 3061 820 3125 sit
834 3061 923 3147 quasi
940 3063 1011 3125 Ν.
1027 3060 1161 3146 ideoque
1175 3062 1232 3127 lux
1247 3063 1334 3151 globi
1349 3078 1381 3129 et
1394 3089 1451 3131 an·

147 3229 253 3269 austrum
264 3216 392 3267 deseendit.
420 3216 700 3274 Quietamenineodem
712 3218 785 3280 plano
816 3218 914 3279 sphaerae
931 3216 1054 3274 contineri,
1074 3214 1174 3280 idolique
1190 3216 1315 3264 densitates
1331 3216 1450 3265 radiorum

146 3298 240 3346 semper
249 3283 344 3340 incedit,
357 3283 698 3339 emmerammianos
706 3285 782 3343 maias·
814 3292 885 3331 erunt
895 3284 920 3329 iu
931 3284 1020 3329 radone
1035 3282 1212 3342 superficierum
1227 3282 1395 3342 aphorismum
1411 3282 1449 3329 in·

147 3359 222 3407 unta,
238 3348 355 3395 videretur
371 3348 507 3402 desciuere,
525 3347 686 3408 sedquoniam
702 3348 784 3394 Tellus
816 3345 889 3403 verse,
906 3347 951 3393 boc
961 3354 1003 3403 est,
1020 3344 1045 3392 in
1056 3347 1145 3393 ratione
1155 3342 1274 3405 duplicat
1288 3344 1447 3392 semidiame-

147 3412 199 3471 ipss
220 3422 328 3459 movetur
349 3411 374 3458 iu
396 3411 468 3472 plano
486 3410 606 3471 ecliptica,
629 3421 721 3458 oemets
735 3426 784 3470 ‚pro
815 3420 905 3458 trorum
923 3410 971 3457 sive
989 3410 1151 3457 distantiarum
1170 3424 1186 3457 s
1201 3422 1297 3469 corpote
1314 3408 1394 3457 lucido
1411 3410 1449 3455 lu-

146 3475 244 3523 divereis
263 3476 344 3524 Terrae
365 3476 422 3523 locis
444 3477 586 3531 observatus,
610 3474 683 3522 modo
704 3475 784 3521 versis
816 3473 881 3521 verse
899 3472 1079 3538 (14.Ltb.1.).
1117 3472 1274 3529 Qusreuullai
1285 3474 1448 3521 distantiarum

146 3541 241 3586 boream
257 3540 328 3587 altius
343 3540 475 3596 escendere,
492 3537 565 3587 mods
580 3537 662 3586 versus
677 3547 784 3585 austrum
815 3536 895 3586 bubitri
906 3538 1002 3595 ratione,
1014 3538 1114 3585 eenmtio
1124 3552 1178 3599 quea
1188 3552 1203 3585 s
1213 3537 1284 3584 radlia
1294 3552 1377 3583 nervos
1387 3540 1448 3598 opti.

146 3602 244 3651 tantm
253 3604 394 3651 dueendm
408 3604 536 3664 apparebit.
575 3603 783 3651 observationibus
815 3618 856 3649 cos
874 3602 1058 3663 percutientibus
1073 3602 1193 3657 exdtstur,
1213 3611 1248 3649 est
1264 3610 1292 3649 ut
1307 3601 1448 3664 quadratum

146 3678 293 3728 compertum
304 3678 339 3715 est
349 3678 452 3717 metas
470 3665 641 3728 propemodum
653 3667 677 3712 in
689 3667 782 3743 circulis
814 3664 1047 3742 distantiae'inverse...
1060 3665 1105 3713 Sed
1114 3663 1162 3728 quo
1170 3665 1323 3713 remotiusest
1333 3665 1447 3741 lucidum,

146 3730 783 3863 t·tt”ffita¹”tttttttttt¹ttttt
813 3744 844 3840 il
859 3745 980 3854 ttttt't
989 3728 1359 3857 {illidii‘llil‘llli’
1376 3729 1448 3854 llil}

147 3859 200 3905 hec
215 3868 294 3906 suta
311 3858 411 3907 deflexio
427 3859 514 3920 pendet
531 3874 560 3907 ex
580 3856 631 3921 ipsi
646 3858 785 3921 trejecturioe
814 3856 868 3920 cit)
880 3860 925 3906 boc
935 3868 977 3915 est,
994 3858 1020 3905 in
1030 3856 1150 3919 duplicate
1160 3857 1249 3905 tatione
1259 3857 1365 3904 diametri
1375 3872 1447 3919 apps-

149 3933 293 3971 cometarum
316 3923 440 3971 eumarum
460 3924 490 3971 da
513 3923 561 3985 qul
587 3924 656 3971 insta.
703 3921 783 3976 Quare
814 3922 1026 3971 restisdimiuntoe.
1064 3920 1152 3978 Quare,
1163 3922 1333 3983 componendo,
1345 3922 1449 3983 corporis

148 3986 258 4047 deinceps
273 3986 393 4034 trademus
409 4003 514 4035 normam
529 3988 634 4047 computi
650 4002 699 4049 quo
709 3988 782 4036 Nest-
813 3986 915 4034 caelestia
930 4003 945 4034 s
962 3986 1017 4033 Sole
1028 3984 1136 4032 illustrati
1151 3993 1175 4032 et
1188 3986 1213 4031 ln
1229 3986 1336 4047 regiones
1354 3987 1448 4046 longin-

146 4060 219 4097 tonue
234 4050 377 4111 dbpsssutee
392 4063 495 4099 mmetss
509 4052 565 4099 estis
580 4051 652 4114 longe
666 4051 730 4099 intre
738 4051 783 4099 Jo·
814 4066 874 4114 quas
894 4052 1001 4099 abeuntis
1022 4049 1162 4096 diminuitur
1181 4049 1291 4109 splendor
1312 4050 1337 4096 in
1358 4052 1448 4099 ratione

147 4130 201 4163 vem
217 4115 347 4171 collocarit,
362 4114 661 4178 nonnullansfferemua
675 4114 784 4176 exempla
815 4114 1126 4177 quadruplicatidistentia.
1157 4113 1447 4176 Erititequequadrutum

146 4190 291 4227 cementum
318 4179 343 4225 ui
359 4178 421 4225 insui
430 4182 498 4227 orbes
509 4180 595 4228 Martis
604 4189 629 4227 et
643 4180 781 4228 intenonm
814 4179 930 4227 dimerse
941 4188 1062 4227 mmetes
1075 4176 1129 4225 Sole
1139 4176 1169 4224 sd
1180 4176 1320 4239 qusdtatutu
1331 4177 1447 4225 distantia

145 4244 293 4305 planetansm
302 4194 480 4291 descenderunt.
812 4243 953 4304 plenetsasb
964 4240 1046 4291 eodem
1057 4241 1082 4287 in
1093 4240 1448 4305 rstionecomposltieadupli.

816 4308 870 4355 cetri
885 4308 974 4357 ratione
984 4306 1090 4353 diametri
1106 4303 1238 4365 appsreutis
1248 4315 1345 4353 cometae
1355 4306 1386 4353 sd
1397 4306 1447 4355 die-

179 4372 219 4438 (‘)
234 4376 287 4422 185.
306 4376 322 4404 ·
340 4374 379 4422 Er
397 4374 450 4421 lucc
469 4362 580 4435 capitana.
615 4370 784 4435 intelligantur
815 4382 918 4420 metrum
940 4378 1089 4433 apparentem
1111 4369 1211 4429 planetes
1232 4378 1256 4416 et
1277 4370 1367 4417 ratione
1388 4370 1448 4420 lucis

149 4435 205 4484 duoe
225 4436 360 4498 strperficies
385 4436 502 4498 sphaerica
523 4437 683 4493 concentricoe,
706 4437 784 4483 minor
815 4436 916 4496 planetae
937 4436 966 4482 sd
994 4436 1071 4482 lucem
1093 4444 1197 4480 comete.
1245 4432 1317 4483 Undd
1339 4434 1448 4485 distarrtis

148 4514 205 4557 uns,
216 4504 293 4564 msJ'or
302 4502 383 4557 alters,
401 4510 426 4547 et
441 4502 466 4547 in
477 4511 557 4547 centro
567 4500 689 4561 utriusque
699 4501 784 4548 consti·
816 4510 914 4547 comem
924 4516 939 4547 a
951 4500 1005 4547 Sole
1016 4508 1050 4545 est
1060 4497 1091 4544 sd
1101 4498 1234 4545 distantism
1250 4498 1351 4557 planctae
1366 4501 1396 4546 ab
1407 4512 1446 4547 eo-

149 4573 230 4638 tutum
242 4565 442 4639 tingaturcorpns¹
454 4564 550 4626 aliquod
564 4564 680 4611 lucidum.
712 4564 784 4638 'Quo-
817 4564 870 4611 dem
892 4564 1024 4639 iuratione
1042 4561 1170 4637 compositi
1189 4576 1217 4608 ex
1236 4562 1326 4609 ratione
1340 4562 1448 4611 diametri

147 4642 211 4738 itt
221 4628 783 4751 titttlllvtitttttffl‘ttttt
816 4626 1448 4753 tttttttttttiiittt'ttttttsttt

143 4755 298 4817 quantitatem
327 4760 353 4805 iu
379 4754 483 4807 coucam
516 4756 637 4818 superficie
663 4756 785 4819 utriusque
815 4755 894 4803 lucem
905 4766 1009 4804 comete.
1426 4766 1428 4773 ·

765 4840 809 4888 14
