3284 5517
277 436 345 504 AD
368 438 513 506 LUNAE
535 440 796 508 THEORIAM
819 441 1208 512 NEWTONIANAM..
1365 471 1386 514 v

84 605 210 699 legibus
230 612 406 678 secundum
429 614 515 700 ipsos
538 616 754 680 observatores
777 616 840 680 sint
864 616 1030 695 adstrictae,
1056 640 1133 682 mox
1157 619 1253 685 tradit
1277 621 1385 710 quales

82 719 280 804 aquationes
294 742 335 786 ex
349 721 413 786 suis
427 721 555 786 calculis
569 735 732 811 emergant
745 734 778 788 et
791 745 938 810 quaenam
954 723 1016 789 sint
1031 745 1139 790 earum
1152 726 1246 816 leges.

131 825 241 910 Ipsum
254 839 319 890 tam
334 828 602 894 observationibus
615 843 688 894 ante
702 831 808 916 ipsum
821 831 980 910 institutis,
1003 855 1098 918 quam
1112 834 1383 903 observationibus

89 937 329 1002 Flamstedianis
354 961 447 1004 nsum
467 962 535 1004 esse
556 953 687 1019 constat,
710 942 776 1009 imo
796 956 829 1006 et
849 943 952 1027 ipsum
975 943 1089 1008 exinde
1112 944 1233 1008 tabulas
1257 945 1382 1014 lunares

85 1044 146 1110 ribi
160 1045 371 1112 construxisse
383 1045 490 1132 liquet,
513 1069 556 1112 ex
574 1049 688 1134 quibus
702 1050 803 1114 multa
815 1050 936 1135 profert
950 1073 1083 1137 quarum
1097 1052 1247 1138 pleraque
1263 1056 1296 1118 in
1313 1057 1381 1121 Ru·

85 1157 255 1242 delphinis,
283 1158 391 1221 autin
414 1157 602 1223 Ludoviceis
622 1161 737 1228 tabulis
759 1160 850 1227 facile
871 1183 937 1226 non
958 1163 1202 1248 comperiuntur,
1230 1166 1286 1228 sed
1309 1189 1380 1254 quaa

84 1267 223 1333 maxime
247 1268 447 1334 commtimt
460 1290 542 1334 cum
561 1271 651 1334 novis
668 1270 711 1334 ill.
729 1270 853 1336 Cossini
867 1271 991 1349 tabidis,
1014 1272 1059 1336 ita
1079 1284 1115 1336 ut
1136 1295 1198 1358 quo
1212 1273 1379 1358 perfectius

43 1421 48 1428 ι
75 1374 158 1440 'ooeli
181 1387 287 1441 mobis
309 1375 499 1462 dignoscunt
522 1377 702 1456 astronomi,
727 1399 766 1440 eo
787 1375 918 1464 prophis
942 1377 982 1442 sd
1007 1377 1228 1444 Nestonianas
1242 1379 1378 1448 theorias

83 1480 232 1546 accedere
247 1480 533 1565 deprehendantur.

129 1591 176 1656 Ut
201 1592 306 1677 itaque
330 1593 415 1658 solis
436 1593 566 1658 actionis
589 1593 624 1656 in
647 1592 775 1660 Lunam
796 1605 829 1660 et
853 1593 919 1678 ejus
944 1593 1079 1659 orbitam
1103 1591 1255 1660 habeatur
1280 1598 1377 1676 ratio3

81 1701 220 1784 primum
242 1702 300 1767 fiat
320 1703 488 1768 abstractio
510 1704 751 1770 excentricitatis
772 1703 884 1770 orbitae
905 1715 970 1770 tam
993 1705 1131 1770 Telluris
1154 1705 1248 1793 quam
1263 1709 1376 1788 Luna,

82 1807 328 1893 deprehenditur
354 1811 440 1898 quod
465 1832 509 1876 ex
534 1811 616 1876 Solis
640 1811 763 1878 actione
787 1811 903 1876 marsia
927 1811 1104 1894 periodicas
1128 1813 1230 1876 Lunae
1254 1815 1378 1903 longior

82 1919 194 1984 evada
208 1933 241 1985 et
254 1923 320 2008 ejus
335 1923 439 1986 orbita
454 1943 496 1985 ex
509 1921 654 1986 circulari
668 1922 701 1984 in
716 1919 851 2015 ellipsim
861 1931 1009 1998 mutetur,
1026 1922 1113 2008 cujus
1125 1943 1199 1986 axes
1209 1945 1267 2007 per
1280 1924 1377 2010 Prop.

83 2024 253 2090 XXVIII.
269 2041 342 2091 sunt
358 2028 565 2092 determInati.

125 2131 282 2209 Secundo,
298 2146 363 2196 tam
377 2155 418 2196 ex
433 2132 470 2198 eri
485 2131 587 2220 figuti
603 2154 698 2218 quam
708 2132 809 2198 orbita
821 2133 923 2198 Lunae
934 2133 1046 2212 induit,
1063 2157 1157 2221 quam
1171 2158 1211 2200 ex
1226 2137 1378 2202 accelera-

80 2239 167 2303 tione
195 2239 380 2325 Lunaeper
402 2252 617 2324 campartem
640 2239 771 2304 actionis
799 2240 881 2306 Solis
905 2262 976 2325 quae
1001 2241 1175 2306 secundum
1198 2254 1378 2329 tangentem

80 2345 191 2410 orbitae
212 2347 330 2409 lunaris
345 2347 499 2434 dirigitur,
515 2349 655 2411 nascitur
668 2348 799 2412 variatio
815 2369 910 2433 quam
922 2347 1036 2432 Tycha
1047 2349 1167 2432 primus
1190 2351 1374 2430 observavit,

80 2467 112 2519 et
132 2454 302 2519 mutam
317 2454 350 2516 in
365 2455 541 2518 octantibus
563 2455 647 2533 4⁰l'·
662 2454 779 2531 statuit,
801 2453 888 2516 illam
911 2453 955 2518 ill.
974 2453 1123 2520 Cassinus
1136 2455 1210 2520 facit
1225 2459 1286 2522 33'.
1303 2461 1376 2525 40⁶.

80 2559 113 2624 in
129 2561 302 2626 Elementis
317 2561 539 2639 Astronomioe‚
562 2583 633 2626 eam
653 2560 730 2624 verb
745 2563 812 2644 ipse
829 2560 1001 2626 Newtonus
1023 2562 1057 2624 in
1078 2561 1245 2648 hypothesi
1259 2565 1376 2634 orbitas

81 2669 217 2736 Telluris
232 2683 264 2736 et
278 2671 383 2736 Lunae
396 2693 464 2736 asse
478 2671 644 2736 circulares
660 2673 722 2736 35‘.
739 2673 808 2735 10⁶.
825 2669 988 2763 calculavit
1003 2670 1099 2755 Prop.
1117 2671 1254 2738 XXIX.

123 2779 245 2857 Tertio,
262 2803 302 2842 ex
314 2778 351 2843 ed
367 2779 448 2844 Solis
460 2781 582 2843 actione
593 2780 732 2843 nascitur
741 2791 844 2844 motus
859 2780 982 2868 apogmi
1004 2780 1120 2846 lunaris
1135 2782 1169 2844 in
1184 2805 1377 2872 consequen·

80 2889 132 2967 tia,
149 2892 238 2975 cujus
252 2905 357 2954 motus
373 2891 611 2956 fundamentum
624 2889 744 2955 indicat
759 2889 932 2955 Nowtonua
948 2889 1044 2975 Prop.
1061 2889 1168 2954 XLV.
1185 2892 1257 2956 Lib.
1275 2893 1303 2957 1.

122 3000 257 3079 Quarta,
280 3002 354 3065 inde
375 3001 541 3066 deducitur
554 3013 658 3066 motus
672 3000 795 3066 medius
810 2999 968 3064 nodorum
984 2999 1081 3086 Prop.
1097 3000 1253 3066 XXXII.
1266 3003 1374 3068 obser-

78 3110 252 3176 vationibus
266 3112 410 3198 proxime
425 3133 583 3199 congruus
591 3136 601 3188 3
626 3109 736 3198 quinti)
751 3111 896 3196 denique,
913 3109 1121 3174 inclinationis
1136 3111 1247 3176 orbitrc
1257 3112 1376 3178 lunaris

77 3221 209 3284 mutatio
224 3221 401 3307 explicatur
416 3221 515 3307 Prop.
533 3219 704 3285 XXXIV.
719 3232 751 3284 at
764 3219 915 3284 XXXV.
1120 3223 1122 3226 ’
1194 3303 1199 3322 .

121 3328 216 3395 Nunc
237 3331 314 3395 verd
334 3331 524 3419 adjungamr
541 3330 753 3395 consideratio
775 3329 1019 3394 excentricitatis
1041 3329 1152 3394 orbitae
1167 3329 1313 3410 Telluris,
1336 3331 1374 3398 et

76 3439 114 3503 fit
127 3452 163 3505 ut
177 3443 258 3508 actio
270 3441 352 3507 Solis
363 3443 464 3527 major
478 3443 519 3506 sit
533 3439 606 3506 crim
617 3441 720 3506 Terra
729 3452 778 3505 est
791 3441 826 3504 in
839 3439 993 3526 perihalio
1004 3462 1062 3504 suo
1075 3438 1168 3527 quam
1184 3442 1217 3505 in
1230 3441 1374 3526 aphelin3

76 3545 152 3610 inde
165 3547 307 3612 orientur
317 3549 525 3613 correctiones
535 3548 631 3612 varioe
641 3546 691 3612 his
702 3547 849 3611 omnibus
861 3545 964 3611 Lunae
975 3547 1133 3612 erroribus
1146 3547 1373 3634 adjungendae,

74 3654 302 3744 primumcum
322 3653 438 3723 mensis
452 3659 630 3744 periodicas
646 3658 749 3723 Lunoe
761 3659 989 3744 peractionem
1006 3659 1088 3724 Solis
1103 3658 1237 3746 longior⁴
1249 3657 1371 3735 evadat,
1406 3731 1408 3742 Ι

74 3780 108 3831 et
130 3782 234 3832 motus
261 3770 328 3854 ejus
350 3769 473 3834 medius
496 3780 660 3858 augeatur,
684 3769 718 3832 id
741 3769 969 3833 incrementum
993 3767 1120 3856 quando
1144 3767 1246 3832 Terra
1269 3780 1317 3831 est
1340 3768 1373 3830 in

73 3873 228 3958 perihelio
243 3877 343 3960 majus
361 3887 409 3940 est
422 3874 517 3962 quam
532 3871 606 3940 crim
621 3887 668 3940 est
682 3875 714 3939 in
730 3875 865 3960 aphelio‚
888 3875 963 3938 hinc
978 3899 1015 3940 ea
1029 3875 1164 3944 tardatio
1177 3875 1373 3962 inaequaliter

74 3984 108 4046 in
129 3995 253 4048 motum
269 3984 371 4048 Lunae
385 3985 562 4062 distributa,
585 3985 680 4049 efficit
692 3997 729 4049 ut
742 3984 804 4048 hoc
818 3985 946 4048 nomine
961 3985 1048 4048 locus
1071 3985 1137 4068 ejus
1153 4005 1212 4068 per
1233 3983 1373 4048 medium

73 4105 196 4158 motum
211 4095 355 4158 inventus
377 4097 417 4160 ab
439 4097 505 4181 ejus
520 4119 596 4162 vero
610 4097 681 4160 loco
696 4096 867 4174 dhaentim,
887 4095 962 4159 hinc
977 4096 1081 4182 itaque
1095 4096 1178 4160 notis
1192 4098 1314 4170 nostris
1332 4097 1373 4162 ad

54 4237 58 4242 ⁴
73 4203 198 4269 initium
216 4204 334 4270 Scholii
355 4205 397 4269 ad
419 4205 536 4269 calcem
553 4207 649 4292 Prop.
667 4206 817 4270 XXXV.
840 4207 962 4291 adjecti,
986 4206 1071 4291 quod
1093 4206 1132 4269 ad
1155 4218 1253 4270 totam
1269 4206 1372 4271 Lunoe

73 4313 229 4378 theoriam
251 4315 397 4400 pertinet,
422 4316 650 4379 incrementum
672 4315 812 4379 medium
827 4329 930 4379 motus
956 4317 1052 4380 medii
1076 4339 1117 4381 ex
1143 4318 1265 4382 actione
1290 4317 1372 4382 Solis

74 4433 181 4487 ortum
205 4427 408 4514 assignamus,
433 4438 503 4490 tum
528 4439 638 4509 postea
662 4427 821 4510 aperimus
845 4426 998 4490 rationem
1023 4425 1083 4512 qud
1110 4427 1244 4490 obtineri
1270 4439 1372 4513 potest

73 4534 210 4616 aequatio
233 4555 290 4600 ceu
311 4535 464 4601 correctio
478 4547 583 4599 motus
603 4535 699 4598 medii
714 4534 893 4598 adhibenda
906 4546 1036 4620 propter
1059 4535 1245 4621 inaequalem
1261 4535 1373 4600 Terrae

74 4661 95 4702 a
118 4637 191 4704 Sole
206 4640 394 4722 distantiam,
416 4666 489 4730 qaae
503 4643 632 4730 quidem
646 4644 781 4729 aequatio
796 4644 975 4708 continetur
990 4643 1022 4706 in
1038 4641 1074 4708 eh
1090 4665 1186 4730 quam
1205 4644 1248 4708 ill.
1268 4645 1372 4712 Cassi·

74 4770 146 4826 nus,
162 4748 254 4814 titulo
267 4752 386 4817 Prima
399 4754 601 4839 maenis
616 4755 744 4830 Solaria
760 4753 865 4818 tradit.

696 4859 720 4906 Δ
735 4863 754 4905 3
