3284 5517
498 393 688 462 mnxns
708 387 1043 461 acnnacuxus
1066 385 1223 456 naara
1403 341 1477 460 an

600 710 774 833 carui·
797 756 1076 846 curarum.

194 984 197 990 ’
283 989 345 1061 De
359 989 476 1062 Flucn
489 1015 532 1086 ac
547 993 698 1090 apaten
715 995 838 1067 Moris
853 993 884 1065 si
897 1015 988 1090 aqua
1004 993 1094 1065 omni
1113 992 1240 1066 inertia
1254 1003 1397 1066 careret.

200 1240 228 1318 ς.
249 1245 302 1301 46.
337 1208 447 1324 Qum
468 1237 502 1300 in
524 1235 634 1320 Capite
654 1233 851 1320 procedente
872 1245 945 1299 sunt
967 1233 1079 1298 tradita
1101 1233 1270 1318 respiciunt
1291 1233 1477 1320 hypothesin

203 1357 381 1424 assumtam,
397 1345 459 1432 qui
475 1342 583 1408 Solem
595 1360 633 1407 ec
646 1342 772 1408 Lunam
784 1351 929 1426 respectu
944 1339 1055 1405 Terrae
1073 1339 1224 1426 perpetub
1239 1340 1371 1406 eundem
1386 1343 1479 1406 situm

201 1464 307 1518 tenere
319 1455 497 1540 posuimus3
520 1453 626 1539 ibique
646 1449 804 1538 praecipui
825 1465 937 1517 statum
957 1451 1133 1537 aequilibrii,
1148 1452 1189 1516 ad
1204 1475 1298 1538 quem
1312 1473 1445 1518 oceanus
1460 1477 1479 1516 a

201 1559 318 1624 viribus
334 1560 415 1625 Solis
429 1574 462 1624 at
477 1559 578 1625 Lunae
598 1559 796 1644 perducatur,
818 1559 1099 1625 determinavimus.
1145 1558 1257 1646 Longe
1272 1559 1360 1622 aliter
1375 1573 1478 1623 autem

201 1689 235 1730 re
248 1691 298 1732 res
312 1669 418 1746 habet,
434 1670 460 1732 si
474 1681 539 1732 tam
555 1669 648 1732 Luna
661 1679 694 1732 et
708 1669 764 1733 Sol
785 1667 877 1754 quim
895 1667 996 1734 Terra
1009 1666 1042 1731 in
1056 1679 1176 1733 motum
1190 1667 1392 1745 collocentur,
1415 1689 1478 1754 quo

200 1798 274 1840 casu
288 1776 330 1841 ob
342 1789 526 1862 perpetuam
540 1775 616 1841 sitris
631 1775 750 1840 relativi
763 1776 966 1840 mutationem
980 1797 1139 1861 nunquam
1149 1775 1357 1865 aequilibrium
1369 1775 1477 1840 adesse

199 1885 330 1970 poterit3
352 1883 424 1948 crim
446 1885 527 1949 enim
548 1896 688 1968 ternpore
709 1905 788 1968 opus
809 1883 858 1962 sit,
880 1905 943 1969 quo
957 1879 1030 1946 dats
1043 1883 1090 1946 vis
1104 1882 1211 1948 datum
1227 1904 1339 1968 corpus
1354 1891 1395 1946 ad
1409 1901 1477 1945 mo·

200 2000 267 2054 tum
287 1991 447 2074 perducat,
470 1989 586 2075 duplici
608 1989 703 2053 modo
724 2002 821 2053 status
842 1989 948 2053 oceani
970 1989 1142 2076 assignatus
1156 2011 1176 2053 a
1189 2011 1264 2052 vero
1278 1988 1474 2074 discrepabit.

200 2099 345 2184 Namque
357 2098 460 2184 primi>
475 2122 555 2184 aqua
569 2097 679 2184 quovis
699 2108 858 2161 momento
872 2097 905 2160 in
919 2119 990 2160 eum
1000 2095 1163 2182 aequihbrii
1180 2097 1282 2173 situm,
1295 2116 1387 2182 quem
1398 2095 1478 2158 vires

201 2206 397 2270 sollicitantes
411 2205 585 2282 intendunt,
601 2203 763 2288 pervenire
776 2225 841 2267 non
861 2203 985 2290 poterit,
1009 2203 1064 2268 sed
1086 2215 1206 2268 tantum
1221 2203 1261 2268 ad
1277 2225 1348 2266 eum
1363 2224 1477 2288 appro-

68 2323 74 2338 ⁴
200 2311 362 2397 pinquahit
382 2309 549 2387 continud;
572 2309 686 2374 deinde
706 2310 825 2373 etiarnsi
847 2309 879 2372 in
900 2309 1002 2393 ipsum
1016 2309 1180 2395 aequilibrii
1195 2309 1288 2372 situm
1308 2309 1478 2394 perveniat,
1570 2345 1575 2356 ·

199 2416 234 2478 in
255 2439 294 2480 eo
314 2429 418 2480 tamen
432 2439 497 2480 non
511 2419 693 2502 acquiescet,
716 2415 770 2480 sed
789 2429 876 2479 motu
894 2415 960 2500 jam
975 2426 1126 2499 concepto
1139 2413 1269 2480 ulteriris
1284 2413 1408 2492 leretur,
1433 2414 1478 2478 uti

201 2543 242 2586 ex
262 2521 375 2586 naturai
398 2521 500 2588 motirs
523 2520 646 2585 munde
671 2531 801 2586 constat.
848 2519 954 2606 Hujus
975 2531 1079 2584 autem
1097 2518 1258 2606 utriusque
1277 2517 1479 2582 aberrationis

199 2627 280 2690 ratio
301 2627 337 2690 in
356 2627 465 2692 inertii
487 2647 576 2713 aquae
590 2639 636 2691 est
649 2625 761 2710 posita,
784 2625 845 2712 quai
861 2625 898 2690 fit
911 2638 946 2689 ut
960 2647 1041 2711 aqua
1054 2646 1112 2689 nec
1126 2624 1231 2688 subiti>
1253 2621 1287 2687 in
1301 2647 1372 2688 eum
1387 2624 1480 2688 situm

200 2755 234 2796 se
248 2733 395 2812 conferat,
410 2734 444 2797 in
458 2756 520 2819 quo
534 2755 606 2797 cnm
620 2733 736 2798 viribus
750 2732 843 2797 datur
857 2731 1073 2819 aequilibrium,
1097 2754 1155 2798 nec
1169 2729 1241 2798 cum
1255 2731 1341 2796 hunc
1355 2729 1475 2817 aequili-
1530 2724 1537 2738 ’

200 2838 260 2903 brii
279 2839 372 2903 situm
386 2841 530 2927 attigerit,
553 2840 596 2903 ibi
618 2840 763 2926 quiescat.
809 2839 965 2916 Quocirca
985 2861 1025 2904 ne
1047 2839 1261 2904 difficultatum
1276 2839 1476 2905 multitudine

203 2947 381 3026 obruamur,
404 2969 517 3034 aquam
537 2948 623 3014 omrai
644 2949 753 3014 inertii
776 2964 932 3014 carentem
953 2973 1155 3029 assumamus,
1176 2951 1238 3017 hoc
1255 2964 1302 3018 est
1323 2951 1411 3016 istius
1431 2951 1479 3014 in-

200 3053 290 3132 dolis,
313 3066 350 3118 ut
368 3075 433 3117 non
454 3053 555 3118 solim
577 3055 684 3141 quovis
698 3069 855 3120 momento
871 3079 904 3122 se
924 3057 957 3122 in
972 3069 1087 3122 statum
1103 3055 1267 3143 aequilibrii
1281 3056 1383 3122 subiti>
1398 3057 1477 3121 rcci-

200 3161 275 3244 piat,
299 3159 354 3225 sed
373 3159 419 3223 ibi
439 3158 532 3224 etiam
546 3183 671 3225 omnem
685 3171 804 3225 motum
818 3163 943 3226 insitum
958 3161 1145 3248 deponendo
1158 3171 1348 3247 permaneat,
1371 3186 1480 3249 qnam·

201 3269 255 3334 diu
268 3271 327 3336 iste
340 3271 416 3336 situs
430 3269 548 3334 viribus
558 3269 793 3334 sollicitantibus
808 3271 980 3335 conveniat.
1011 3271 1086 3336 Hic
1097 3271 1199 3356 ltaque
1209 3269 1289 3335 sacti
1300 3269 1474 3358 hypothesi,

200 3377 398 3459 perspicuum
424 3390 471 3439 est
492 3395 605 3460 aquam
624 3376 733 3459 quovis
753 3377 901 3460 temporis
923 3387 1082 3440 momento
1103 3376 1135 3438 in
1157 3398 1195 3440 eo
1220 3375 1289 3460 ipso
1309 3387 1390 3440 statu
1408 3375 1475 3439 fore

202 3485 408 3561 constitutam,
425 3483 479 3568 qui
500 3481 671 3546 sectmdrim
691 3497 849 3568 praccepta
872 3483 990 3568 Capitis
1007 3481 1210 3570 praecedentis
1234 3481 1381 3567 positioni
1404 3479 1475 3569 crim

204 3582 284 3655 Solis
299 3588 366 3655 nim
381 3590 483 3655 Lunae
497 3591 693 3675 respondeat.
815 3600 820 3608 ’

243 3701 266 3779 9.
282 3701 333 3766 47.
357 3695 405 3764 Ut
426 3695 521 3786 igitur
541 3696 576 3758 in
596 3693 657 3759 haic
677 3694 852 3782 hypothesi,
876 3697 937 3783 qui¹
959 3719 1044 3762 mare
1059 3697 1104 3762 vis
1125 3697 1246 3764 inertia
1260 3721 1373 3784 expers
1387 3709 1478 3784 pont·

199 3826 279 3882 mus,
301 3827 359 3890 pro
380 3803 488 3890 quovis
508 3803 579 3869 loco
593 3805 635 3868 ad
649 3805 779 3891 quodvis
793 3819 917 3891 tempus
931 3819 1045 3872 statum
1058 3809 1152 3874 maris
1174 3808 1268 3895 quim
1290 3809 1478 3874 commodis-

200 3914 277 3978 sime
291 3912 484 3992 definiamus,
506 3913 642 4000 primdm
657 3915 755 3980 solam
770 3915 895 3982 Lunam
909 3917 1183 3998 considerabimus,
1207 3917 1279 3984 crim
1296 3919 1330 3982 in
1346 3918 1382 3981 eri
1397 3938 1478 4002 prae-

199 4023 292 4106 cipua
315 4021 409 4087 mstis
432 4023 527 4088 maris
551 4045 643 4089 causa
669 4024 872 4104 contineatur,
898 4039 991 4114 atque
1015 4041 1079 4092 tam
1099 4027 1203 4092 fluxus
1225 4049 1318 4113 quam
1339 4027 1477 4090 refluxus

81 4189 89 4205 ,
199 4128 293 4190 maris
315 4149 335 4190 a
355 4127 486 4191 transitu
507 4128 609 4193 Lunae
629 4151 687 4214 per
706 4131 913 4198 meridianum
928 4133 1101 4217 computari
1115 4133 1230 4196 soleat:
1252 4131 1339 4218 qnbd
1352 4132 1379 4195 si
1393 4130 1476 4197 enim

200 4234 302 4302 Lunae
318 4237 443 4301 effectus
458 4236 636 4317 innotuerit,
651 4261 714 4303 non
730 4237 832 4304 soltim
848 4240 928 4306 Solis
940 4241 1064 4305 effectus
1077 4262 1200 4326 quoque
1214 4235 1339 4304 mutatis
1354 4251 1473 4303 mutan·

200 4343 249 4408 dis
271 4343 442 4431 colligetur,
469 4343 526 4408 sed
548 4345 642 4409 etiam
664 4343 800 4424 effectus,
825 4347 879 4432 qui
907 4346 947 4411 ab
975 4345 1125 4410 ambobus
1151 4345 1354 4412 luminaribus
1380 4343 1472 4410 simul

200 4452 363 4538 agentibus
377 4449 592 4536 proficiscitur.
621 4452 803 4535 Propositus
815 4453 910 4540 igitur
921 4453 960 4517 sit
970 4453 1080 4518 Terrae
1093 4451 1179 4519 locus
1190 4453 1375 4538 quicunque,
1389 4453 1476 4536 cujus

198 4557 232 4618 ln
247 4557 326 4620 coelo
340 4554 444 4620 zenith
459 4555 499 4619 sit
515 4555 551 4633 Z,
567 4555 696 4620 horizon
709 4555 747 4621 H
757 4556 790 4633 Q
800 4557 833 4622 Ο
844 4571 875 4622 et
892 4557 919 4622 P
929 4558 1023 4642 polus
1037 4557 1178 4638 borealis,
1195 4557 1238 4622 ita
1250 4571 1284 4622 ut
1297 4579 1387 4624 arcus
1403 4557 1431 4621 P
1445 4557 1477 4620 Ο

200 4666 241 4731 sit
254 4665 346 4752 hujus
360 4665 421 4730 loci
435 4665 566 4730 elevatio
578 4665 653 4750 poli,
670 4678 700 4729 et
715 4666 848 4730 circulus
865 4667 928 4732 PZ
940 4667 975 4731 H
989 4667 1019 4731 N
1033 4665 1064 4732 O
1079 4665 1275 4730 meridianus.
1323 4666 1370 4730 Sit
1383 4663 1478 4748 porrh
