<?xml version="1.0" encoding="UTF-8"?>
<!DOCTYPE html PUBLIC "-//W3C//DTD XHTML 1.0 Transitional//EN"
    "http://www.w3.org/TR/xhtml1/DTD/xhtml1-transitional.dtd">
<html xmlns="http://www.w3.org/1999/xhtml" xml:lang="en" lang="en">
 <head>
  <title>
</title>
<meta http-equiv="Content-Type" content="text/html;charset=utf-8" />
  <meta name='ocr-system' content='tesseract 3.04.00' />
  <meta name='ocr-capabilities' content='ocr_page ocr_carea ocr_par ocr_line ocrx_word'/>
</head>
<body>
  <div class='ocr_page' id='page_1' title='image "./philosophinatur01wriggoog_0315.png"; bbox 0 0 3284 5517; ppageno 0'>
   <div class='ocr_carea' id='block_1_1' title="bbox 212 325 1489 602">
    <p class='ocr_par' dir='ltr' id='par_1_1' title="bbox 212 325 1489 602">
     <span class='ocr_line' id='line_1_1' title="bbox 212 325 1241 423; baseline 0 -9"><span class='ocrx_word' id='word_1_1' title='bbox 212 353 276 418; x_wconf 79' lang='lat' dir='ltr'><strong>au</strong></span> <span class='ocrx_word' id='word_1_2' title='bbox 459 345 724 423; x_wconf 73' lang='lat' dir='ltr'><strong>mutuarum</strong></span> <span class='ocrx_word' id='word_1_3' title='bbox 748 325 951 413; x_wconf 72' lang='lat' dir='ltr'><strong>arsisses</strong></span> <span class='ocrx_word' id='word_1_4' title='bbox 975 345 1025 414; x_wconf 82' lang='lat' dir='ltr'><strong>ru</strong></span> <span class='ocrx_word' id='word_1_5' title='bbox 1048 345 1241 414; x_wconf 72' lang='lat' dir='ltr'><strong>caussis</strong></span> 
     </span>
     <span class='ocr_line' id='line_1_2' title="bbox 253 503 1489 602; baseline -0.006 -22"><span class='ocrx_word' id='word_1_6' title='bbox 253 522 278 598; x_wconf 63' lang='lat' dir='ltr'><strong>i.</strong></span> <span class='ocrx_word' id='word_1_7' title='bbox 295 523 346 580; x_wconf 72' lang='lat'><strong>39.</strong></span> <span class='ocrx_word' id='word_1_8' title='bbox 368 503 537 580; x_wconf 75' lang='lat' dir='ltr'><strong>Problema</strong></span> <span class='ocrx_word' id='word_1_9' title='bbox 549 514 621 595; x_wconf 84' lang='lat' dir='ltr'><strong>hoc,</strong></span> <span class='ocrx_word' id='word_1_10' title='bbox 636 514 722 602; x_wconf 92' lang='lat' dir='ltr'><strong>quod</strong></span> <span class='ocrx_word' id='word_1_11' title='bbox 736 513 896 602; x_wconf 86' lang='lat' dir='ltr'><strong>hucusque</strong></span> <span class='ocrx_word' id='word_1_12' title='bbox 910 513 1051 578; x_wconf 83' lang='lat' dir='ltr'><strong>dedimus</strong></span> <span class='ocrx_word' id='word_1_13' title='bbox 1066 513 1211 592; x_wconf 89' lang='lat' dir='ltr'><strong>solutum,</strong></span> <span class='ocrx_word' id='word_1_14' title='bbox 1228 513 1374 600; x_wconf 90' lang='lat' dir='ltr'><strong>quodque</strong></span> <span class='ocrx_word' id='word_1_15' title='bbox 1387 518 1489 584; x_wconf 70' lang='lat' dir='ltr'><strong>mni.</strong></span> 
     </span>
    </p>
   </div>
   <div class='ocr_carea' id='block_1_2' title="bbox 73 619 1490 706">
    <p class='ocr_par' dir='ltr' id='par_1_2' title="bbox 73 619 1490 706">
     <span class='ocr_line' id='line_1_3' title="bbox 73 619 1490 706; baseline 0.001 -20"><span class='ocrx_word' id='word_1_16' title='bbox 73 701 76 706; x_wconf 21' lang='grc' dir='ltr'>Ι</span> <span class='ocrx_word' id='word_1_17' title='bbox 212 623 256 687; x_wconf 89' lang='lat' dir='ltr'><strong>mi</strong></span> <span class='ocrx_word' id='word_1_18' title='bbox 277 635 324 686; x_wconf 90' lang='lat' dir='ltr'><strong>est</strong></span> <span class='ocrx_word' id='word_1_19' title='bbox 343 623 492 686; x_wconf 80' lang='lat' dir='ltr'><strong>momenti</strong></span> <span class='ocrx_word' id='word_1_20' title='bbox 516 621 557 685; x_wconf 90' lang='lat' dir='ltr'><strong>ad</strong></span> <span class='ocrx_word' id='word_1_21' title='bbox 576 621 703 686; x_wconf 87' lang='lat' dir='ltr'><strong>effectus</strong></span> <span class='ocrx_word' id='word_1_22' title='bbox 724 619 795 684; x_wconf 79' lang='lat' dir='ltr'><strong>crim</strong></span> <span class='ocrx_word' id='word_1_23' title='bbox 820 619 900 685; x_wconf 89' lang='lat' dir='ltr'><strong>Solis</strong></span> <span class='ocrx_word' id='word_1_24' title='bbox 922 619 988 684; x_wconf 81' lang='lat' dir='ltr'><strong>nim</strong></span> <span class='ocrx_word' id='word_1_25' title='bbox 1011 620 1113 684; x_wconf 85' lang='lat' dir='ltr'><strong>Lunae</strong></span> <span class='ocrx_word' id='word_1_26' title='bbox 1134 622 1167 684; x_wconf 91' lang='lat' dir='ltr'><strong>in</strong></span> <span class='ocrx_word' id='word_1_27' title='bbox 1188 621 1268 684; x_wconf 89' lang='lat' dir='ltr'><strong>mari</strong></span> <span class='ocrx_word' id='word_1_28' title='bbox 1289 620 1440 686; x_wconf 88' lang='lat' dir='ltr'><strong>elevando</strong></span> <span class='ocrx_word' id='word_1_29' title='bbox 1458 637 1490 690; x_wconf 93' lang='lat' dir='ltr'><strong>et</strong></span> 
     </span>
    </p>
   </div>
   <div class='ocr_carea' id='block_1_3' title="bbox 211 729 1488 1140">
    <p class='ocr_par' dir='ltr' id='par_1_3' title="bbox 211 729 1488 1140">
     <span class='ocr_line' id='line_1_4' title="bbox 212 729 1488 818; baseline -0.001 -22"><span class='ocrx_word' id='word_1_30' title='bbox 212 731 417 815; x_wconf 86' lang='lat' dir='ltr'><strong>deprimendo</strong></span> <span class='ocrx_word' id='word_1_31' title='bbox 438 730 643 807; x_wconf 87' lang='lat' dir='ltr'><strong>definiendos,</strong></span> <span class='ocrx_word' id='word_1_32' title='bbox 666 729 836 795; x_wconf 84' lang='lat' dir='ltr'><strong>Newtonus</strong></span> <span class='ocrx_word' id='word_1_33' title='bbox 861 751 902 794; x_wconf 89' lang='lat' dir='ltr'><strong>ne</strong></span> <span class='ocrx_word' id='word_1_34' title='bbox 926 729 1027 816; x_wconf 79' lang='lat' dir='ltr'><strong>attigit</strong></span> <span class='ocrx_word' id='word_1_35' title='bbox 1050 729 1184 818; x_wconf 83' lang='lat' dir='ltr'><strong>quidem,</strong></span> <span class='ocrx_word' id='word_1_36' title='bbox 1210 729 1383 794; x_wconf 77' lang='lat' dir='ltr'><strong>sedaliam</strong></span> <span class='ocrx_word' id='word_1_37' title='bbox 1406 729 1488 796; x_wconf 83' lang='lat' dir='ltr'><strong>viam</strong></span> 
     </span>
     <span class='ocr_line' id='line_1_5' title="bbox 211 835 1486 915; baseline -0.002 -9"><span class='ocrx_word' id='word_1_38' title='bbox 211 850 345 915; x_wconf 79' lang='lat' dir='ltr'><strong>secutus,</strong></span> <span class='ocrx_word' id='word_1_39' title='bbox 367 859 433 906; x_wconf 87' lang='lat' dir='ltr'><strong>non</strong></span> <span class='ocrx_word' id='word_1_40' title='bbox 453 835 556 905; x_wconf 76' lang='lat' dir='ltr'><strong>solum</strong></span> <span class='ocrx_word' id='word_1_41' title='bbox 568 836 762 914; x_wconf 74' lang='lat' dir='ltr'><strong>indirectas,</strong></span> <span class='ocrx_word' id='word_1_42' title='bbox 785 837 949 903; x_wconf 83' lang='lat' dir='ltr'><strong>sedetiam</strong></span> <span class='ocrx_word' id='word_1_43' title='bbox 964 857 1134 914; x_wconf 76' lang='lat' dir='ltr'><strong>erroneus,</strong></span> <span class='ocrx_word' id='word_1_44' title='bbox 1158 835 1277 902; x_wconf 83' lang='lat' dir='ltr'><strong>invenit</strong></span> <span class='ocrx_word' id='word_1_45' title='bbox 1289 859 1376 902; x_wconf 84' lang='lat' dir='ltr'><strong>mare</strong></span> <span class='ocrx_word' id='word_1_46' title='bbox 1389 859 1408 902; x_wconf 86' lang='lat' dir='ltr'><strong>a</strong></span> <span class='ocrx_word' id='word_1_47' title='bbox 1422 839 1486 911; x_wconf 66' lang='lat' dir='ltr'><strong>sole</strong></span> 
     </span>
     <span class='ocr_line' id='line_1_6' title="bbox 211 945 1484 1038; baseline -0.003 -22"><span class='ocrx_word' id='word_1_48' title='bbox 211 952 244 1016; x_wconf 80' lang='lat' dir='ltr'><strong>ri</strong></span> <span class='ocrx_word' id='word_1_49' title='bbox 266 950 348 1016; x_wconf 86' lang='lat' dir='ltr'><strong>Solia</strong></span> <span class='ocrx_word' id='word_1_50' title='bbox 368 949 410 1038; x_wconf 75' lang='lat' dir='ltr'><strong>nd</strong></span> <span class='ocrx_word' id='word_1_51' title='bbox 430 947 627 1016; x_wconf 73' lang='lat' dir='ltr'>altitudinem</span> <span class='ocrx_word' id='word_1_52' title='bbox 646 947 781 1014; x_wconf 89' lang='lat' dir='ltr'><strong>duorum</strong></span> <span class='ocrx_word' id='word_1_53' title='bbox 793 946 859 1012; x_wconf 76' lang='lat' dir='ltr'><strong>fere</strong></span> <span class='ocrx_word' id='word_1_54' title='bbox 880 947 997 1030; x_wconf 88' lang='lat' dir='ltr'><strong>pedum</strong></span> <span class='ocrx_word' id='word_1_55' title='bbox 1012 947 1125 1012; x_wconf 81' lang='lat' dir='ltr'><strong>elevari</strong></span> <span class='ocrx_word' id='word_1_56' title='bbox 1144 945 1257 1012; x_wconf 86' lang='lat' dir='ltr'><strong>debere</strong></span> <span class='ocrx_word' id='word_1_57' title='bbox 1262 969 1274 1025; x_wconf 86' lang='lat'>3</span> <span class='ocrx_word' id='word_1_58' title='bbox 1297 945 1370 1024; x_wconf 73' lang='lat' dir='ltr'><strong>crim</strong></span> <span class='ocrx_word' id='word_1_59' title='bbox 1383 959 1484 1012; x_wconf 83' lang='lat' dir='ltr'><strong>tamen</strong></span> 
     </span>
     <span class='ocr_line' id='line_1_7' title="bbox 211 1053 1485 1140; baseline -0.003 -16"><span class='ocrx_word' id='word_1_60' title='bbox 211 1069 277 1124; x_wconf 83' lang='lat' dir='ltr'><strong>tam</strong></span> <span class='ocrx_word' id='word_1_61' title='bbox 291 1056 422 1124; x_wconf 82' lang='lat' dir='ltr'><strong>eandem</strong></span> <span class='ocrx_word' id='word_1_62' title='bbox 431 1057 499 1122; x_wconf 43' lang='lat' dir='ltr'><strong>&#39;rint</strong></span> <span class='ocrx_word' id='word_1_63' title='bbox 514 1056 580 1122; x_wconf 89' lang='lat' dir='ltr'><strong>Soli</strong></span> <span class='ocrx_word' id='word_1_64' title='bbox 594 1055 766 1120; x_wconf 87' lang='lat' dir='ltr'><strong>absolutam</strong></span> <span class='ocrx_word' id='word_1_65' title='bbox 781 1053 875 1140; x_wconf 75' lang='lat' dir='ltr'><strong>quim</strong></span> <span class='ocrx_word' id='word_1_66' title='bbox 888 1053 1018 1118; x_wconf 86' lang='lat' dir='ltr'><strong>eandem</strong></span> <span class='ocrx_word' id='word_1_67' title='bbox 1029 1055 1204 1120; x_wconf 81' lang='lat' dir='ltr'><strong>distantiam</strong></span> <span class='ocrx_word' id='word_1_68' title='bbox 1220 1079 1239 1119; x_wconf 93' lang='lat' dir='ltr'><strong>a</strong></span> <span class='ocrx_word' id='word_1_69' title='bbox 1254 1055 1353 1122; x_wconf 73' lang='lat' dir='ltr'><strong>Terris</strong></span> <span class='ocrx_word' id='word_1_70' title='bbox 1370 1077 1485 1120; x_wconf 87' lang='lat' dir='ltr'><strong>assum-</strong></span> 
     </span>
    </p>
   </div>
   <div class='ocr_carea' id='block_1_4' title="bbox 211 1159 1485 1332">
    <p class='ocr_par' dir='ltr' id='par_1_4' title="bbox 211 1159 1485 1332">
     <span class='ocr_line' id='line_1_8' title="bbox 211 1159 1485 1248; baseline -0.005 -18"><span class='ocrx_word' id='word_1_71' title='bbox 211 1163 310 1240; x_wconf 78' lang='lat' dir='ltr'><strong>sisset,</strong></span> <span class='ocrx_word' id='word_1_72' title='bbox 332 1163 445 1248; x_wconf 81' lang='lat' dir='ltr'><strong>quibus</strong></span> <span class='ocrx_word' id='word_1_73' title='bbox 465 1181 522 1226; x_wconf 82' lang='lat' dir='ltr'><strong>noa</strong></span> <span class='ocrx_word' id='word_1_74' title='bbox 543 1183 649 1228; x_wconf 86' lang='lat' dir='ltr'><strong>sumus</strong></span> <span class='ocrx_word' id='word_1_75' title='bbox 671 1161 729 1225; x_wconf 84' lang='lat' dir='ltr'><strong>usi.</strong></span> <span class='ocrx_word' id='word_1_76' title='bbox 775 1159 937 1225; x_wconf 86' lang='lat' dir='ltr'><strong>Conclusit</strong></span> <span class='ocrx_word' id='word_1_77' title='bbox 950 1174 1055 1228; x_wconf 86' lang='lat' dir='ltr'><strong>antem</strong></span> <span class='ocrx_word' id='word_1_78' title='bbox 1075 1161 1159 1226; x_wconf 90' lang='lat' dir='ltr'><strong>hunc</strong></span> <span class='ocrx_word' id='word_1_79' title='bbox 1172 1183 1330 1226; x_wconf 84' lang='lat' dir='ltr'><strong>enormem</strong></span> <span class='ocrx_word' id='word_1_80' title='bbox 1345 1161 1485 1226; x_wconf 85' lang='lat' dir='ltr'><strong>effectum</strong></span> 
     </span>
     <span class='ocr_line' id='line_1_9' title="bbox 875 1267 898 1332; baseline 0 0"><span class='ocrx_word' id='word_1_81' title='bbox 875 1267 898 1332; x_wconf 84' lang='lat' dir='ltr'>S</span> 
     </span>
    </p>
   </div>
   <div class='ocr_carea' id='block_1_5' title="bbox 86 1303 1485 1393">
    <p class='ocr_par' dir='ltr' id='par_1_5' title="bbox 86 1303 1485 1393">
     <span class='ocr_line' id='line_1_10' title="bbox 86 1303 1485 1393; baseline -0.001 -21"><span class='ocrx_word' id='word_1_82' title='bbox 86 1349 88 1352; x_wconf 95' lang='lat'>-</span> <span class='ocrx_word' id='word_1_83' title='bbox 212 1327 255 1372; x_wconf 82' lang='lat' dir='ltr'><strong>ex</strong></span> <span class='ocrx_word' id='word_1_84' title='bbox 267 1306 497 1392; x_wconf 85' lang='lat' dir='ltr'><strong>comparatione</strong></span> <span class='ocrx_word' id='word_1_85' title='bbox 512 1303 655 1369; x_wconf 79' lang='lat' dir='ltr'><strong>tis&#39;Solis</strong></span> <span class='ocrx_word' id='word_1_86' title='bbox 669 1325 724 1368; x_wconf 88' lang='lat' dir='ltr'><strong>seu</strong></span> <span class='ocrx_word' id='word_1_87' title='bbox 737 1303 849 1367; x_wconf 83' lang='lat' dir='ltr'><strong>valoris</strong></span> <span class='ocrx_word' id='word_1_88' title='bbox 868 1354 903 1364; x_wconf 94' lang='lat'><strong>..</strong></span> <span class='ocrx_word' id='word_1_89' title='bbox 921 1323 991 1367; x_wconf 88' lang='lat' dir='ltr'><strong>curn</strong></span> <span class='ocrx_word' id='word_1_90' title='bbox 1006 1304 1037 1368; x_wconf 88' lang='lat' dir='ltr'><strong>vi</strong></span> <span class='ocrx_word' id='word_1_91' title='bbox 1055 1304 1166 1368; x_wconf 80' lang='lat' dir='ltr'><strong>Terrae</strong></span> <span class='ocrx_word' id='word_1_92' title='bbox 1181 1305 1350 1393; x_wconf 79' lang='lat' dir='ltr'><strong>centrisugi</strong></span> <span class='ocrx_word' id='word_1_93' title='bbox 1366 1329 1385 1369; x_wconf 89' lang='lat' dir='ltr'><strong>a</strong></span> <span class='ocrx_word' id='word_1_94' title='bbox 1399 1317 1485 1370; x_wconf 89' lang='lat' dir='ltr'><strong>motu</strong></span> 
     </span>
    </p>
   </div>
   <div class='ocr_carea' id='block_1_6' title="bbox 211 1365 1488 3054">
    <p class='ocr_par' dir='ltr' id='par_1_6' title="bbox 211 1365 1488 2631">
     <span class='ocr_line' id='line_1_11' title="bbox 864 1365 905 1433; baseline 0 -29"><span class='ocrx_word' id='word_1_95' title='bbox 864 1365 905 1433; x_wconf 83' lang='lat' dir='ltr'><strong>a³</strong></span> 
     </span>
     <span class='ocr_line' id='line_1_12' title="bbox 212 1475 1486 1565; baseline -0.005 -19"><span class='ocrx_word' id='word_1_96' title='bbox 212 1479 325 1546; x_wconf 88' lang='lat' dir='ltr'><strong>diurno</strong></span> <span class='ocrx_word' id='word_1_97' title='bbox 338 1477 418 1555; x_wconf 81' lang='lat' dir='ltr'><strong>orti,</strong></span> <span class='ocrx_word' id='word_1_98' title='bbox 432 1475 494 1565; x_wconf 77' lang='lat' dir='ltr'><strong>quai</strong></span> <span class='ocrx_word' id='word_1_99' title='bbox 510 1476 611 1546; x_wconf 82' lang='lat' dir='ltr'><strong>Terra</strong></span> <span class='ocrx_word' id='word_1_100' title='bbox 620 1476 680 1542; x_wconf 87' lang='lat' dir='ltr'><strong>sub</strong></span> <span class='ocrx_word' id='word_1_101' title='bbox 689 1488 849 1562; x_wconf 72' lang='lat' dir='ltr'><strong>aquatores</strong></span> <span class='ocrx_word' id='word_1_102' title='bbox 863 1475 1041 1542; x_wconf 80' lang='lat' dir='ltr'><strong>extenditur</strong></span> <span class='ocrx_word' id='word_1_103' title='bbox 1051 1498 1088 1540; x_wconf 89' lang='lat' dir='ltr'><strong>ac</strong></span> <span class='ocrx_word' id='word_1_104' title='bbox 1098 1476 1229 1540; x_wconf 76' lang='lat' dir='ltr'><strong>crassior</strong></span> <span class='ocrx_word' id='word_1_105' title='bbox 1243 1476 1383 1540; x_wconf 87' lang='lat' dir='ltr'><strong>redditur</strong></span> <span class='ocrx_word' id='word_1_106' title='bbox 1394 1475 1486 1561; x_wconf 74' lang='lat' dir='ltr'><strong>quim</strong></span> 
     </span>
     <span class='ocr_line' id='line_1_13' title="bbox 212 1583 1486 1672; baseline -0.005 -20"><span class='ocrx_word' id='word_1_107' title='bbox 212 1587 271 1652; x_wconf 89' lang='lat' dir='ltr'><strong>sub</strong></span> <span class='ocrx_word' id='word_1_108' title='bbox 294 1585 375 1672; x_wconf 90' lang='lat' dir='ltr'><strong>polis</strong></span> <span class='ocrx_word' id='word_1_109' title='bbox 382 1609 393 1661; x_wconf 90' lang='lat'>;</span> <span class='ocrx_word' id='word_1_110' title='bbox 426 1595 519 1670; x_wconf 88' lang='lat' dir='ltr'><strong>atque</strong></span> <span class='ocrx_word' id='word_1_111' title='bbox 543 1585 671 1648; x_wconf 75' lang='lat' dir='ltr'><strong>assumit</strong></span> <span class='ocrx_word' id='word_1_112' title='bbox 693 1583 1008 1668; x_wconf 76' lang='lat' dir='ltr'><strong>elevationemaquae</strong></span> <span class='ocrx_word' id='word_1_113' title='bbox 1028 1605 1047 1648; x_wconf 88' lang='lat' dir='ltr'><strong>a</strong></span> <span class='ocrx_word' id='word_1_114' title='bbox 1071 1583 1103 1646; x_wconf 79' lang='lat' dir='ltr'><strong>vi</strong></span> <span class='ocrx_word' id='word_1_115' title='bbox 1129 1583 1209 1648; x_wconf 88' lang='lat' dir='ltr'><strong>Solis</strong></span> <span class='ocrx_word' id='word_1_116' title='bbox 1233 1595 1333 1646; x_wconf 85' lang='lat' dir='ltr'><strong>ortam</strong></span> <span class='ocrx_word' id='word_1_117' title='bbox 1355 1583 1486 1646; x_wconf 88' lang='lat' dir='ltr'><strong>eandem</strong></span> 
     </span>
     <span class='ocr_line' id='line_1_14' title="bbox 212 1689 1486 1775; baseline -0.004 -18"><span class='ocrx_word' id='word_1_118' title='bbox 212 1704 319 1757; x_wconf 88' lang='lat' dir='ltr'><strong>tenere</strong></span> <span class='ocrx_word' id='word_1_119' title='bbox 333 1691 447 1756; x_wconf 85' lang='lat' dir='ltr'><strong>debere</strong></span> <span class='ocrx_word' id='word_1_120' title='bbox 461 1691 614 1754; x_wconf 88' lang='lat' dir='ltr'><strong>rationem</strong></span> <span class='ocrx_word' id='word_1_121' title='bbox 627 1689 669 1753; x_wconf 86' lang='lat' dir='ltr'><strong>ad</strong></span> <span class='ocrx_word' id='word_1_122' title='bbox 689 1690 913 1754; x_wconf 87' lang='lat' dir='ltr'><strong>incrementum</strong></span> <span class='ocrx_word' id='word_1_123' title='bbox 928 1689 1037 1752; x_wconf 82' lang='lat' dir='ltr'><strong>Terrae</strong></span> <span class='ocrx_word' id='word_1_124' title='bbox 1047 1689 1111 1754; x_wconf 70' lang='lat' dir='ltr'><strong>&#39;sub</strong></span> <span class='ocrx_word' id='word_1_125' title='bbox 1126 1701 1282 1775; x_wconf 81' lang='lat' dir='ltr'><strong>aequatore</strong></span> <span class='ocrx_word' id='word_1_126' title='bbox 1295 1712 1314 1750; x_wconf 91' lang='lat' dir='ltr'><strong>a</strong></span> <span class='ocrx_word' id='word_1_127' title='bbox 1328 1689 1358 1750; x_wconf 90' lang='lat' dir='ltr'><strong>vi</strong></span> <span class='ocrx_word' id='word_1_128' title='bbox 1372 1691 1486 1752; x_wconf 90' lang='lat' dir='ltr'><strong>centri-</strong></span> 
     </span>
     <span class='ocr_line' id='line_1_15' title="bbox 213 1791 1487 1884; baseline -0.002 -26"><span class='ocrx_word' id='word_1_129' title='bbox 213 1795 289 1884; x_wconf 75' lang='lat' dir='ltr'><strong>fuge</strong></span> <span class='ocrx_word' id='word_1_130' title='bbox 314 1796 440 1873; x_wconf 86' lang='lat' dir='ltr'><strong>factum,</strong></span> <span class='ocrx_word' id='word_1_131' title='bbox 463 1793 556 1879; x_wconf 71' lang='lat' dir='ltr'><strong>quim</strong></span> <span class='ocrx_word' id='word_1_132' title='bbox 576 1805 681 1864; x_wconf 82' lang='lat' dir='ltr'><strong>teneat</strong></span> <span class='ocrx_word' id='word_1_133' title='bbox 701 1795 748 1860; x_wconf 76' lang='lat' dir='ltr'><strong>vis</strong></span> <span class='ocrx_word' id='word_1_134' title='bbox 764 1793 845 1864; x_wconf 80' lang='lat' dir='ltr'><strong>Solia</strong></span> <span class='ocrx_word' id='word_1_135' title='bbox 868 1793 908 1858; x_wconf 91' lang='lat' dir='ltr'><strong>ad</strong></span> <span class='ocrx_word' id='word_1_136' title='bbox 930 1793 992 1860; x_wconf 78' lang='lat' dir='ltr'><strong>rim</strong></span> <span class='ocrx_word' id='word_1_137' title='bbox 1013 1793 1225 1880; x_wconf 79' lang='lat' dir='ltr'><strong>centrifugam.</strong></span> <span class='ocrx_word' id='word_1_138' title='bbox 1271 1793 1334 1858; x_wconf 87' lang='lat' dir='ltr'><strong>Sed</strong></span> <span class='ocrx_word' id='word_1_139' title='bbox 1352 1791 1487 1878; x_wconf 75' lang='lat' dir='ltr'><strong>&#39;prater-</strong></span> 
     </span>
     <span class='ocr_line' id='line_1_16' title="bbox 212 1898 1485 1991; baseline -0.002 -23"><span class='ocrx_word' id='word_1_140' title='bbox 212 1926 308 1991; x_wconf 89' lang='lat' dir='ltr'><strong>quam</strong></span> <span class='ocrx_word' id='word_1_141' title='bbox 331 1904 418 1991; x_wconf 68' lang='lat' dir='ltr'><strong>quud</strong></span> <span class='ocrx_word' id='word_1_142' title='bbox 439 1904 500 1968; x_wconf 92' lang='lat' dir='ltr'><strong>hoc</strong></span> <span class='ocrx_word' id='word_1_143' title='bbox 522 1903 717 1969; x_wconf 78' lang='lat' dir='ltr'><strong>ratiocinium</strong></span> <span class='ocrx_word' id='word_1_144' title='bbox 741 1904 834 1988; x_wconf 86' lang='lat' dir='ltr'><strong>nimia</strong></span> <span class='ocrx_word' id='word_1_145' title='bbox 859 1902 984 1966; x_wconf 83' lang='lat' dir='ltr'><strong>infirmo</strong></span> <span class='ocrx_word' id='word_1_146' title='bbox 1007 1913 1251 1986; x_wconf 81' lang='lat' dir='ltr'><strong>superstructum</strong></span> <span class='ocrx_word' id='word_1_147' title='bbox 1274 1898 1485 1977; x_wconf 78' lang='lat' dir='ltr'><strong>fundamento,</strong></span> 
     </span>
     <span class='ocr_line' id='line_1_17' title="bbox 211 2007 1486 2095; baseline -0.005 -19"><span class='ocrx_word' id='word_1_148' title='bbox 211 2010 317 2076; x_wconf 74' lang='lat' dir='ltr'><strong>nostri</strong></span> <span class='ocrx_word' id='word_1_149' title='bbox 332 2010 381 2075; x_wconf 80' lang='lat' dir='ltr'><strong>viai</strong></span> <span class='ocrx_word' id='word_1_150' title='bbox 396 2010 524 2088; x_wconf 73' lang='lat' dir='ltr'><strong>directi,</strong></span> <span class='ocrx_word' id='word_1_151' title='bbox 549 2009 609 2095; x_wconf 71' lang='lat' dir='ltr'><strong>quit</strong></span> <span class='ocrx_word' id='word_1_152' title='bbox 625 2032 731 2073; x_wconf 84' lang='lat' dir='ltr'><strong>sumus</strong></span> <span class='ocrx_word' id='word_1_153' title='bbox 745 2010 803 2085; x_wconf 88' lang='lat' dir='ltr'><strong>usi,</strong></span> <span class='ocrx_word' id='word_1_154' title='bbox 819 2008 923 2072; x_wconf 88' lang='lat' dir='ltr'><strong>statim</strong></span> <span class='ocrx_word' id='word_1_155' title='bbox 937 2008 1101 2072; x_wconf 84' lang='lat' dir='ltr'><strong>evertitur:</strong></span> <span class='ocrx_word' id='word_1_156' title='bbox 1124 2029 1163 2072; x_wconf 86' lang='lat' dir='ltr'><strong>ex</strong></span> <span class='ocrx_word' id='word_1_157' title='bbox 1184 2007 1252 2090; x_wconf 74' lang='lat' dir='ltr'><strong>ipsi</strong></span> <span class='ocrx_word' id='word_1_158' title='bbox 1267 2007 1349 2070; x_wconf 81' lang='lat' dir='ltr'><strong>eninr</strong></span> <span class='ocrx_word' id='word_1_159' title='bbox 1364 2009 1408 2071; x_wconf 91' lang='lat' dir='ltr'><strong>rei</strong></span> <span class='ocrx_word' id='word_1_160' title='bbox 1430 2029 1486 2072; x_wconf 87' lang='lat' dir='ltr'><strong>na·</strong></span> 
     </span>
     <span class='ocr_line' id='line_1_18' title="bbox 212 2105 1486 2199; baseline -0.005 -19"><span class='ocrx_word' id='word_1_161' title='bbox 212 2105 293 2193; x_wconf 72' lang='lat' dir='ltr'><strong>tari,</strong></span> <span class='ocrx_word' id='word_1_162' title='bbox 314 2115 408 2182; x_wconf 80' lang='lat' dir='ltr'><strong>nullia</strong></span> <span class='ocrx_word' id='word_1_163' title='bbox 428 2115 577 2199; x_wconf 85' lang='lat' dir='ltr'><strong>precariis</strong></span> <span class='ocrx_word' id='word_1_164' title='bbox 591 2114 731 2179; x_wconf 69' lang='lat' dir='ltr'><strong>munitis</strong></span> <span class='ocrx_word' id='word_1_165' title='bbox 745 2113 914 2198; x_wconf 78' lang='lat' dir='ltr'><strong>principiis.</strong></span> <span class='ocrx_word' id='word_1_166' title='bbox 936 2113 1137 2178; x_wconf 73' lang='lat' dir='ltr'><strong>cierationem</strong></span> <span class='ocrx_word' id='word_1_167' title='bbox 1152 2133 1301 2198; x_wconf 85' lang='lat' dir='ltr'><strong>aquarum</strong></span> <span class='ocrx_word' id='word_1_168' title='bbox 1317 2135 1336 2175; x_wconf 85' lang='lat' dir='ltr'><strong>a</strong></span> <span class='ocrx_word' id='word_1_169' title='bbox 1350 2111 1382 2174; x_wconf 86' lang='lat' dir='ltr'><strong>vi</strong></span> <span class='ocrx_word' id='word_1_170' title='bbox 1405 2111 1486 2178; x_wconf 87' lang='lat' dir='ltr'><strong>Solis</strong></span> 
     </span>
     <span class='ocr_line' id='line_1_19' title="bbox 216 2217 1485 2286; baseline -0.005 0"><span class='ocrx_word' id='word_1_171' title='bbox 216 2222 381 2286; x_wconf 89' lang='lat' dir='ltr'><strong>oriundam</strong></span> <span class='ocrx_word' id='word_1_172' title='bbox 395 2219 512 2286; x_wconf 73' lang='lat' dir='ltr'><strong>directe</strong></span> <span class='ocrx_word' id='word_1_173' title='bbox 526 2233 558 2286; x_wconf 90' lang='lat' dir='ltr'><strong>et</strong></span> <span class='ocrx_word' id='word_1_174' title='bbox 571 2221 743 2285; x_wconf 87' lang='lat' dir='ltr'><strong>luculenter</strong></span> <span class='ocrx_word' id='word_1_175' title='bbox 753 2219 1040 2285; x_wconf 81' lang='lat' dir='ltr'><strong>determinavimus:</strong></span> <span class='ocrx_word' id='word_1_176' title='bbox 1056 2240 1093 2283; x_wconf 89' lang='lat' dir='ltr'><strong>ac</strong></span> <span class='ocrx_word' id='word_1_177' title='bbox 1103 2218 1130 2281; x_wconf 88' lang='lat' dir='ltr'><strong>si</strong></span> <span class='ocrx_word' id='word_1_178' title='bbox 1143 2217 1242 2281; x_wconf 86' lang='lat' dir='ltr'><strong>ullum</strong></span> <span class='ocrx_word' id='word_1_179' title='bbox 1255 2219 1347 2281; x_wconf 87' lang='lat' dir='ltr'><strong>etiam</strong></span> <span class='ocrx_word' id='word_1_180' title='bbox 1357 2217 1485 2282; x_wconf 87' lang='lat' dir='ltr'><strong>dubium</strong></span> 
     </span>
     <span class='ocr_line' id='line_1_20' title="bbox 212 2323 1488 2418; baseline -0.005 -24"><span class='ocrx_word' id='word_1_181' title='bbox 212 2331 255 2394; x_wconf 88' lang='lat' dir='ltr'><strong>ob</strong></span> <span class='ocrx_word' id='word_1_182' title='bbox 269 2329 505 2418; x_wconf 74' lang='lat' dir='ltr'><strong>integrationem</strong></span> <span class='ocrx_word' id='word_1_183' title='bbox 518 2351 577 2414; x_wconf 88' lang='lat' dir='ltr'><strong>per</strong></span> <span class='ocrx_word' id='word_1_184' title='bbox 589 2327 871 2414; x_wconf 84' lang='lat' dir='ltr'><strong>approximationes</strong></span> <span class='ocrx_word' id='word_1_185' title='bbox 885 2337 1007 2390; x_wconf 79' lang='lat' dir='ltr'><strong>tannim</strong></span> <span class='ocrx_word' id='word_1_186' title='bbox 1020 2325 1194 2390; x_wconf 89' lang='lat' dir='ltr'><strong>institutum</strong></span> <span class='ocrx_word' id='word_1_187' title='bbox 1207 2335 1345 2401; x_wconf 83' lang='lat' dir='ltr'><strong>restaret,</strong></span> <span class='ocrx_word' id='word_1_188' title='bbox 1366 2323 1399 2388; x_wconf 93' lang='lat' dir='ltr'><strong>id</strong></span> <span class='ocrx_word' id='word_1_189' title='bbox 1412 2345 1488 2388; x_wconf 84' lang='lat' dir='ltr'><strong>mox</strong></span> 
     </span>
     <span class='ocr_line' id='line_1_21' title="bbox 212 2433 1487 2520; baseline -0.004 -18"><span class='ocrx_word' id='word_1_190' title='bbox 212 2437 348 2515; x_wconf 85' lang='lat' dir='ltr'><strong>tolletur,</strong></span> <span class='ocrx_word' id='word_1_191' title='bbox 371 2435 444 2502; x_wconf 76' lang='lat' dir='ltr'><strong>crim</strong></span> <span class='ocrx_word' id='word_1_192' title='bbox 463 2434 544 2502; x_wconf 82' lang='lat' dir='ltr'><strong>insrsi</strong></span> <span class='ocrx_word' id='word_1_193' title='bbox 564 2437 648 2504; x_wconf 83' lang='lat' dir='ltr'><strong>idem</strong></span> <span class='ocrx_word' id='word_1_194' title='bbox 671 2435 838 2502; x_wconf 88' lang='lat' dir='ltr'><strong>Problema</strong></span> <span class='ocrx_word' id='word_1_195' title='bbox 858 2433 917 2502; x_wconf 71' lang='lat' dir='ltr'><strong>aliti</strong></span> <span class='ocrx_word' id='word_1_196' title='bbox 932 2435 1079 2500; x_wconf 85' lang='lat' dir='ltr'><strong>methodo</strong></span> <span class='ocrx_word' id='word_1_197' title='bbox 1099 2456 1227 2520; x_wconf 88' lang='lat' dir='ltr'><strong>prorsus</strong></span> <span class='ocrx_word' id='word_1_198' title='bbox 1241 2433 1361 2498; x_wconf 75' lang='lat' dir='ltr'><strong>diversi</strong></span> <span class='ocrx_word' id='word_1_199' title='bbox 1380 2455 1487 2498; x_wconf 89' lang='lat' dir='ltr'><strong>sumus</strong></span> 
     </span>
     <span class='ocr_line' id='line_1_22' title="bbox 211 2539 1075 2631; baseline -0.005 -23"><span class='ocrx_word' id='word_1_200' title='bbox 211 2544 388 2621; x_wconf 80' lang='lat' dir='ltr'><strong>resolutori,</strong></span> <span class='ocrx_word' id='word_1_201' title='bbox 404 2555 686 2631; x_wconf 84' lang='lat' dir='ltr'><strong>congruentemque</strong></span> <span class='ocrx_word' id='word_1_202' title='bbox 700 2541 884 2608; x_wconf 88' lang='lat' dir='ltr'><strong>solutionem</strong></span> <span class='ocrx_word' id='word_1_203' title='bbox 899 2539 1075 2606; x_wconf 84' lang='lat' dir='ltr'><strong>exhibituri.</strong></span> 
     </span>
    </p>

    <p class='ocr_par' dir='ltr' id='par_1_7' title="bbox 212 2641 1488 3054">
     <span class='ocr_line' id='line_1_23' title="bbox 255 2641 1486 2733; baseline -0.006 -19"><span class='ocrx_word' id='word_1_204' title='bbox 255 2657 280 2733; x_wconf 59' lang='grc' dir='ltr'><strong>ᾗ.</strong></span> <span class='ocrx_word' id='word_1_205' title='bbox 295 2661 347 2714; x_wconf 79' lang='lat'><strong>40.</strong></span> <span class='ocrx_word' id='word_1_206' title='bbox 371 2650 522 2726; x_wconf 87' lang='lat' dir='ltr'><strong>Quamvis</strong></span> <span class='ocrx_word' id='word_1_207' title='bbox 535 2641 648 2713; x_wconf 62' lang='lat' dir='ltr'><strong>&#39;autem</strong></span> <span class='ocrx_word' id='word_1_208' title='bbox 668 2650 726 2712; x_wconf 91' lang='lat' dir='ltr'><strong>iste</strong></span> <span class='ocrx_word' id='word_1_209' title='bbox 749 2649 830 2713; x_wconf 89' lang='lat' dir='ltr'><strong>Solis</strong></span> <span class='ocrx_word' id='word_1_210' title='bbox 852 2647 977 2712; x_wconf 83' lang='lat' dir='ltr'><strong>effectus</strong></span> <span class='ocrx_word' id='word_1_211' title='bbox 1000 2649 1031 2710; x_wconf 91' lang='lat' dir='ltr'><strong>in</strong></span> <span class='ocrx_word' id='word_1_212' title='bbox 1052 2649 1130 2710; x_wconf 85' lang='lat' dir='ltr'><strong>mari</strong></span> <span class='ocrx_word' id='word_1_213' title='bbox 1151 2658 1216 2710; x_wconf 86' lang='lat' dir='ltr'><strong>tam</strong></span> <span class='ocrx_word' id='word_1_214' title='bbox 1230 2645 1379 2710; x_wconf 88' lang='lat' dir='ltr'><strong>elevando</strong></span> <span class='ocrx_word' id='word_1_215' title='bbox 1394 2643 1486 2732; x_wconf 77' lang='lat' dir='ltr'><strong>quim</strong></span> 
     </span>
     <span class='ocr_line' id='line_1_24' title="bbox 212 2751 1486 2839; baseline -0.002 -21"><span class='ocrx_word' id='word_1_216' title='bbox 212 2753 416 2839; x_wconf 87' lang='lat' dir='ltr'><strong>deprimendo</strong></span> <span class='ocrx_word' id='word_1_217' title='bbox 436 2773 501 2816; x_wconf 91' lang='lat' dir='ltr'><strong>non</strong></span> <span class='ocrx_word' id='word_1_218' title='bbox 522 2751 601 2816; x_wconf 75' lang='lat' dir='ltr'><strong>adeo</strong></span> <span class='ocrx_word' id='word_1_219' title='bbox 620 2765 721 2816; x_wconf 90' lang='lat' dir='ltr'><strong>certus</strong></span> <span class='ocrx_word' id='word_1_220' title='bbox 735 2765 767 2817; x_wconf 88' lang='lat' dir='ltr'><strong>et</strong></span> <span class='ocrx_word' id='word_1_221' title='bbox 780 2753 891 2839; x_wconf 88' lang='lat' dir='ltr'><strong>planus</strong></span> <span class='ocrx_word' id='word_1_222' title='bbox 906 2775 972 2817; x_wconf 89' lang='lat' dir='ltr'><strong>esse</strong></span> <span class='ocrx_word' id='word_1_223' title='bbox 993 2753 1133 2816; x_wconf 87' lang='lat' dir='ltr'><strong>videatur</strong></span> <span class='ocrx_word' id='word_1_224' title='bbox 1146 2751 1188 2816; x_wconf 93' lang='lat' dir='ltr'><strong>oh</strong></span> <span class='ocrx_word' id='word_1_225' title='bbox 1202 2751 1373 2835; x_wconf 86' lang='lat' dir='ltr'><strong>paraliaxin</strong></span> <span class='ocrx_word' id='word_1_226' title='bbox 1391 2751 1486 2828; x_wconf 79' lang='lat' dir='ltr'><strong>solis,</strong></span> 
     </span>
     <span class='ocr_line' id='line_1_25' title="bbox 212 2853 1487 2950; baseline -0.006 -23"><span class='ocrx_word' id='word_1_227' title='bbox 212 2887 305 2950; x_wconf 88' lang='lat' dir='ltr'><strong>quam</strong></span> <span class='ocrx_word' id='word_1_228' title='bbox 322 2865 381 2926; x_wconf 76' lang='lat' dir='ltr'><strong>lu‘</strong></span> <span class='ocrx_word' id='word_1_229' title='bbox 402 2862 610 2938; x_wconf 75' lang='lat' dir='ltr'><strong>assumimus,</strong></span> <span class='ocrx_word' id='word_1_230' title='bbox 633 2861 774 2925; x_wconf 90' lang='lat' dir='ltr'><strong>nondum</strong></span> <span class='ocrx_word' id='word_1_231' title='bbox 788 2853 1015 2926; x_wconf 71' lang='lat' dir='ltr'><strong>uenustissime</strong></span> <span class='ocrx_word' id='word_1_232' title='bbox 1029 2859 1190 2925; x_wconf 82' lang='lat' dir='ltr'><strong>definitam</strong></span> <span class='ocrx_word' id='word_1_233' title='bbox 1199 2882 1209 2934; x_wconf 82' lang='lat'><em>3</em></span> <span class='ocrx_word' id='word_1_234' title='bbox 1231 2881 1251 2922; x_wconf 92' lang='lat' dir='ltr'><strong>a</strong></span> <span class='ocrx_word' id='word_1_235' title='bbox 1271 2858 1331 2944; x_wconf 77' lang='lat' dir='ltr'><strong>qui</strong></span> <span class='ocrx_word' id='word_1_236' title='bbox 1346 2870 1408 2921; x_wconf 87' lang='lat' dir='ltr'><strong>tarn</strong></span> <span class='ocrx_word' id='word_1_237' title='bbox 1424 2857 1487 2919; x_wconf 85' lang='lat' dir='ltr'><strong>dis·</strong></span> 
     </span>
     <span class='ocr_line' id='line_1_26' title="bbox 212 2961 1488 3054; baseline -0.006 -19"><span class='ocrx_word' id='word_1_238' title='bbox 212 2971 311 3035; x_wconf 84' lang='lat' dir='ltr'><strong>tantia</strong></span> <span class='ocrx_word' id='word_1_239' title='bbox 325 2968 408 3034; x_wconf 82' lang='lat' dir='ltr'><strong>Solis</strong></span> <span class='ocrx_word' id='word_1_240' title='bbox 421 2991 441 3033; x_wconf 88' lang='lat' dir='ltr'><strong>a</strong></span> <span class='ocrx_word' id='word_1_241' title='bbox 456 2967 556 3032; x_wconf 64' lang='lat' dir='ltr'><strong>Terris</strong></span> <span class='ocrx_word' id='word_1_242' title='bbox 571 2992 600 3046; x_wconf 88' lang='lat' dir='ltr'><strong>a,</strong></span> <span class='ocrx_word' id='word_1_243' title='bbox 621 2966 716 3054; x_wconf 72' lang='lat' dir='ltr'><strong>quarn</strong></span> <span class='ocrx_word' id='word_1_244' title='bbox 729 2968 892 3033; x_wconf 86' lang='lat' dir='ltr'><strong>aestimatio</strong></span> <span class='ocrx_word' id='word_1_245' title='bbox 906 2967 952 3032; x_wconf 84' lang='lat' dir='ltr'><strong>vis</strong></span> <span class='ocrx_word' id='word_1_246' title='bbox 966 2965 1116 3031; x_wconf 83' lang='lat' dir='ltr'><strong>absolutas</strong></span> <span class='ocrx_word' id='word_1_247' title='bbox 1132 2966 1166 3042; x_wconf 73' lang='lat' dir='ltr'><strong>S,</strong></span> <span class='ocrx_word' id='word_1_248' title='bbox 1187 2965 1320 3051; x_wconf 83' lang='lat' dir='ltr'><strong>pendet:</strong></span> <span class='ocrx_word' id='word_1_249' title='bbox 1343 2977 1447 3028; x_wconf 89' lang='lat' dir='ltr'><strong>tamen</strong></span> <span class='ocrx_word' id='word_1_250' title='bbox 1461 2961 1488 3028; x_wconf 87' lang='lat' dir='ltr'><strong>si</strong></span> 
     </span>
    </p>
   </div>
   <div class='ocr_carea' id='block_1_7' title="bbox 161 3075 1487 3672">
    <p class='ocr_par' dir='ltr' id='par_1_8' title="bbox 212 3075 1487 3238">
     <span class='ocr_line' id='line_1_27' title="bbox 212 3075 1487 3238; baseline -0.005 -59"><span class='ocrx_word' id='word_1_251' title='bbox 212 3135 280 3179; x_wconf 87' lang='lat' dir='ltr'><strong>rem</strong></span> <span class='ocrx_word' id='word_1_252' title='bbox 293 3113 441 3179; x_wconf 77' lang='lat' dir='ltr'><strong>attentius</strong></span> <span class='ocrx_word' id='word_1_253' title='bbox 453 3111 691 3198; x_wconf 88' lang='lat' dir='ltr'><strong>perpendamus,</strong></span> <span class='ocrx_word' id='word_1_254' title='bbox 714 3112 937 3198; x_wconf 88' lang='lat' dir='ltr'><strong>comperiemus</strong></span> <span class='ocrx_word' id='word_1_255' title='bbox 953 3112 1183 3200; x_wconf 85' lang='lat' dir='ltr'><strong>expressionem</strong></span> <span class='ocrx_word' id='word_1_256' title='bbox 1199 3075 1487 3238; x_wconf 42' lang='lat' dir='ltr'><strong>i[iaperpetudeun-</strong></span> 
     </span>
    </p>

    <p class='ocr_par' dir='ltr' id='par_1_9' title="bbox 212 3241 1484 3370">
     <span class='ocr_line' id='line_1_28' title="bbox 212 3241 1484 3370; baseline -0.003 -22"><span class='ocrx_word' id='word_1_257' title='bbox 212 3284 286 3348; x_wconf 89' lang='lat' dir='ltr'><strong>dem</strong></span> <span class='ocrx_word' id='word_1_258' title='bbox 306 3284 440 3348; x_wconf 62' lang='lat' dir='ltr'><strong>ramere</strong></span> <span class='ocrx_word' id='word_1_259' title='bbox 463 3241 610 3361; x_wconf 81' lang='lat' dir='ltr'><strong>valorem,</strong></span> <span class='ocrx_word' id='word_1_260' title='bbox 638 3242 857 3370; x_wconf 34' lang='lat' dir='ltr'><strong>quemmqued</strong></span> <span class='ocrx_word' id='word_1_261' title='bbox 873 3283 940 3351; x_wconf 81' lang='lat' dir='ltr'><strong>soti</strong></span> <span class='ocrx_word' id='word_1_262' title='bbox 967 3283 1133 3368; x_wconf 78' lang='lat' dir='ltr'><strong>paraliaxis</strong></span> <span class='ocrx_word' id='word_1_263' title='bbox 1161 3281 1334 3347; x_wconf 79' lang='lat' dir='ltr'><strong>tribuaturr</strong></span> <span class='ocrx_word' id='word_1_264' title='bbox 1367 3279 1484 3344; x_wconf 70' lang='lat' dir='ltr'><strong>mutati</strong></span> 
     </span>
    </p>

    <p class='ocr_par' dir='ltr' id='par_1_10' title="bbox 161 3387 1486 3478">
     <span class='ocr_line' id='line_1_29' title="bbox 161 3387 1486 3478; baseline -0.006 -18"><span class='ocrx_word' id='word_1_265' title='bbox 161 3461 167 3474; x_wconf 70' lang='grc'>,</span> <span class='ocrx_word' id='word_1_266' title='bbox 212 3393 297 3459; x_wconf 82' lang='lat' dir='ltr'><strong>enim</strong></span> <span class='ocrx_word' id='word_1_267' title='bbox 316 3391 477 3478; x_wconf 68' lang='lat' dir='ltr'><strong>patellarii,</strong></span> <span class='ocrx_word' id='word_1_268' title='bbox 500 3391 586 3459; x_wconf 82' lang='lat' dir='ltr'><strong>valor</strong></span> <span class='ocrx_word' id='word_1_269' title='bbox 606 3391 717 3456; x_wconf 78' lang='lat' dir='ltr'><strong>littera</strong></span> <span class='ocrx_word' id='word_1_270' title='bbox 740 3392 763 3456; x_wconf 84' lang='lat' dir='ltr'>S</span> <span class='ocrx_word' id='word_1_271' title='bbox 784 3391 914 3477; x_wconf 66' lang='lat' dir='ltr'><strong>praecise*</strong></span> <span class='ocrx_word' id='word_1_272' title='bbox 935 3391 968 3454; x_wconf 92' lang='lat' dir='ltr'><strong>in</strong></span> <span class='ocrx_word' id='word_1_273' title='bbox 989 3391 1097 3454; x_wconf 89' lang='lat' dir='ltr'><strong>eaderu</strong></span> <span class='ocrx_word' id='word_1_274' title='bbox 1116 3389 1243 3467; x_wconf 79' lang='lat' dir='ltr'><strong>ratione,</strong></span> <span class='ocrx_word' id='word_1_275' title='bbox 1266 3389 1298 3450; x_wconf 93' lang='lat' dir='ltr'><strong>iu</strong></span> <span class='ocrx_word' id='word_1_276' title='bbox 1313 3387 1374 3472; x_wconf 69' lang='lat' dir='ltr'><strong>qui</strong></span> <span class='ocrx_word' id='word_1_277' title='bbox 1389 3388 1486 3452; x_wconf 84' lang='lat' dir='ltr'><strong>cubus</strong></span> 
     </span>
    </p>

    <p class='ocr_par' dir='ltr' id='par_1_11' title="bbox 210 3495 1486 3672">
     <span class='ocr_line' id='line_1_30' title="bbox 210 3495 1486 3586; baseline -0.003 -22"><span class='ocrx_word' id='word_1_278' title='bbox 210 3499 367 3572; x_wconf 62' lang='lat' dir='ltr'><strong>dinanum</strong></span> <span class='ocrx_word' id='word_1_279' title='bbox 386 3521 408 3563; x_wconf 86' lang='lat' dir='ltr'><strong>a</strong></span> <span class='ocrx_word' id='word_1_280' title='bbox 419 3496 442 3577; x_wconf 87' lang='lat'><strong>³,</strong></span> <span class='ocrx_word' id='word_1_281' title='bbox 463 3498 642 3570; x_wconf 80' lang='lat' dir='ltr'><strong>mutabitur.</strong></span> <span class='ocrx_word' id='word_1_282' title='bbox 687 3499 751 3566; x_wconf 86' lang='lat' dir='ltr'><strong>Per</strong></span> <span class='ocrx_word' id='word_1_283' title='bbox 763 3500 848 3586; x_wconf 80' lang='lat' dir='ltr'><strong>leges</strong></span> <span class='ocrx_word' id='word_1_284' title='bbox 862 3501 945 3564; x_wconf 88' lang='lat' dir='ltr'><strong>enim</strong></span> <span class='ocrx_word' id='word_1_285' title='bbox 958 3499 1060 3564; x_wconf 83' lang='lat' dir='ltr'><strong>monis</strong></span> <span class='ocrx_word' id='word_1_286' title='bbox 1075 3497 1249 3564; x_wconf 78' lang='lat' dir='ltr'><strong>firmissime</strong></span> <span class='ocrx_word' id='word_1_287' title='bbox 1263 3495 1411 3562; x_wconf 87' lang='lat' dir='ltr'><strong>stabilitas</strong></span> <span class='ocrx_word' id='word_1_288' title='bbox 1429 3517 1486 3578; x_wconf 83' lang='lat' dir='ltr'><strong>pa·</strong></span> 
     </span>
     <span class='ocr_line' id='line_1_31' title="bbox 529 3608 553 3672; baseline 0 0"><span class='ocrx_word' id='word_1_289' title='bbox 529 3608 553 3672; x_wconf 87' lang='lat' dir='ltr'>S</span> 
     </span>
    </p>
   </div>
   <div class='ocr_carea' id='block_1_8' title="bbox 211 3640 1487 3778">
    <p class='ocr_par' dir='ltr' id='par_1_12' title="bbox 211 3640 1487 3778">
     <span class='ocr_line' id='line_1_32' title="bbox 211 3640 1487 3778; baseline -0.006 -67"><span class='ocrx_word' id='word_1_290' title='bbox 211 3645 289 3711; x_wconf 85' lang='lat' dir='ltr'><strong>tebit</strong></span> <span class='ocrx_word' id='word_1_291' title='bbox 302 3645 503 3731; x_wconf 87' lang='lat' dir='ltr'><strong>quantitatem</strong></span> <span class='ocrx_word' id='word_1_292' title='bbox 517 3689 568 3778; x_wconf 58' lang='lat'><strong>{3</strong></span> <span class='ocrx_word' id='word_1_293' title='bbox 584 3667 604 3709; x_wconf 86' lang='lat' dir='ltr'><strong>a</strong></span> <span class='ocrx_word' id='word_1_294' title='bbox 624 3645 692 3709; x_wconf 92' lang='lat' dir='ltr'><strong>solo</strong></span> <span class='ocrx_word' id='word_1_295' title='bbox 713 3657 851 3729; x_wconf 89' lang='lat' dir='ltr'><strong>tempore</strong></span> <span class='ocrx_word' id='word_1_296' title='bbox 871 3645 1030 3730; x_wconf 90' lang='lat' dir='ltr'><strong>periodico</strong></span> <span class='ocrx_word' id='word_1_297' title='bbox 1045 3645 1154 3709; x_wconf 80' lang='lat' dir='ltr'><strong>Terrae</strong></span> <span class='ocrx_word' id='word_1_298' title='bbox 1168 3643 1250 3708; x_wconf 88' lang='lat' dir='ltr'><strong>circa</strong></span> <span class='ocrx_word' id='word_1_299' title='bbox 1265 3642 1369 3708; x_wconf 84' lang='lat' dir='ltr'><strong>Solem</strong></span> <span class='ocrx_word' id='word_1_300' title='bbox 1385 3640 1487 3705; x_wconf 83' lang='lat' dir='ltr'><strong>deter-</strong></span> 
     </span>
    </p>
   </div>
   <div class='ocr_carea' id='block_1_9' title="bbox 211 3812 1487 4521">
    <p class='ocr_par' dir='ltr' id='par_1_13' title="bbox 211 3812 1486 3906">
     <span class='ocr_line' id='line_1_33' title="bbox 211 3812 1486 3906; baseline -0.008 -21"><span class='ocrx_word' id='word_1_301' title='bbox 211 3819 332 3900; x_wconf 73' lang='lat' dir='ltr'><strong>minari,</strong></span> <span class='ocrx_word' id='word_1_302' title='bbox 347 3819 436 3906; x_wconf 79' lang='lat' dir='ltr'><strong>cujus</strong></span> <span class='ocrx_word' id='word_1_303' title='bbox 449 3818 603 3904; x_wconf 82' lang='lat' dir='ltr'><strong>quantitas</strong></span> <span class='ocrx_word' id='word_1_304' title='bbox 617 3817 844 3883; x_wconf 71' lang='lat' dir='ltr'><strong>accuratissime</strong></span> <span class='ocrx_word' id='word_1_305' title='bbox 858 3830 907 3882; x_wconf 89' lang='lat' dir='ltr'><strong>est</strong></span> <span class='ocrx_word' id='word_1_306' title='bbox 920 3817 1056 3882; x_wconf 84' lang='lat' dir='ltr'><strong>definita</strong></span> <span class='ocrx_word' id='word_1_307' title='bbox 1101 3816 1197 3894; x_wconf 87' lang='lat' dir='ltr'><strong>Quod</strong></span> <span class='ocrx_word' id='word_1_308' title='bbox 1212 3828 1248 3880; x_wconf 89' lang='lat' dir='ltr'><strong>ut</strong></span> <span class='ocrx_word' id='word_1_309' title='bbox 1262 3812 1374 3878; x_wconf 76' lang='lat' dir='ltr'><strong>clarius</strong></span> <span class='ocrx_word' id='word_1_310' title='bbox 1389 3833 1486 3896; x_wconf 85' lang='lat' dir='ltr'><strong>appa-</strong></span> 
     </span>
    </p>

    <p class='ocr_par' dir='ltr' id='par_1_14' title="bbox 211 3917 1486 4010">
     <span class='ocr_line' id='line_1_34' title="bbox 211 3917 1486 4010; baseline -0.006 -20"><span class='ocrx_word' id='word_1_311' title='bbox 211 3939 288 4004; x_wconf 88' lang='lat' dir='ltr'><strong>reat,</strong></span> <span class='ocrx_word' id='word_1_312' title='bbox 307 3923 536 3990; x_wconf 85' lang='lat' dir='ltr'><strong>cousideremns</strong></span> <span class='ocrx_word' id='word_1_313' title='bbox 559 3924 714 4008; x_wconf 88' lang='lat' dir='ltr'><strong>planetam</strong></span> <span class='ocrx_word' id='word_1_314' title='bbox 736 3945 950 4010; x_wconf 89' lang='lat' dir='ltr'><strong>quemcunque</strong></span> <span class='ocrx_word' id='word_1_315' title='bbox 966 3923 1047 3988; x_wconf 89' lang='lat' dir='ltr'><strong>circa</strong></span> <span class='ocrx_word' id='word_1_316' title='bbox 1063 3922 1167 3988; x_wconf 88' lang='lat' dir='ltr'><strong>Solem</strong></span> <span class='ocrx_word' id='word_1_317' title='bbox 1189 3920 1336 3986; x_wconf 77' lang='lat' dir='ltr'><strong>inorbitri</strong></span> <span class='ocrx_word' id='word_1_318' title='bbox 1352 3917 1486 4004; x_wconf 79' lang='lat' dir='ltr'><strong>ellipticei</strong></span> 
     </span>
    </p>

    <p class='ocr_par' dir='ltr' id='par_1_15' title="bbox 211 4029 1487 4118">
     <span class='ocr_line' id='line_1_35' title="bbox 211 4029 1487 4118; baseline -0.008 -20"><span class='ocrx_word' id='word_1_319' title='bbox 211 4031 429 4108; x_wconf 72' lang='lat' dir='ltr'><strong>resolventem,</strong></span> <span class='ocrx_word' id='word_1_320' title='bbox 453 4033 539 4118; x_wconf 86' lang='lat' dir='ltr'><strong>cujus</strong></span> <span class='ocrx_word' id='word_1_321' title='bbox 560 4030 717 4096; x_wconf 85' lang='lat' dir='ltr'><strong>semi-axia</strong></span> <span class='ocrx_word' id='word_1_322' title='bbox 738 4043 929 4096; x_wconf 80' lang='lat' dir='ltr'><strong>trmrsversus</strong></span> <span class='ocrx_word' id='word_1_323' title='bbox 949 4053 1005 4096; x_wconf 88' lang='lat' dir='ltr'><strong>seu</strong></span> <span class='ocrx_word' id='word_1_324' title='bbox 1026 4031 1170 4096; x_wconf 86' lang='lat' dir='ltr'><strong>distantia</strong></span> <span class='ocrx_word' id='word_1_325' title='bbox 1191 4053 1211 4093; x_wconf 89' lang='lat' dir='ltr'><strong>a</strong></span> <span class='ocrx_word' id='word_1_326' title='bbox 1233 4031 1306 4096; x_wconf 91' lang='lat' dir='ltr'><strong>Sole</strong></span> <span class='ocrx_word' id='word_1_327' title='bbox 1325 4029 1429 4092; x_wconf 89' lang='lat' dir='ltr'><strong>media</strong></span> <span class='ocrx_word' id='word_1_328' title='bbox 1447 4029 1487 4090; x_wconf 90' lang='lat' dir='ltr'><strong>sit</strong></span> 
     </span>
    </p>

    <p class='ocr_par' dir='ltr' id='par_1_16' title="bbox 217 4135 1487 4221">
     <span class='ocr_line' id='line_1_36' title="bbox 217 4135 1487 4221; baseline -0.006 -17"><span class='ocrx_word' id='word_1_329' title='bbox 217 4167 251 4204; x_wconf 84' lang='lat'>=</span> <span class='ocrx_word' id='word_1_330' title='bbox 269 4165 298 4220; x_wconf 86' lang='lat' dir='ltr'><strong>a,</strong></span> <span class='ocrx_word' id='word_1_331' title='bbox 321 4141 368 4204; x_wconf 82' lang='lat' dir='ltr'><strong>ris</strong></span> <span class='ocrx_word' id='word_1_332' title='bbox 388 4152 493 4204; x_wconf 89' lang='lat' dir='ltr'><strong>autem</strong></span> <span class='ocrx_word' id='word_1_333' title='bbox 515 4139 599 4204; x_wconf 88' lang='lat' dir='ltr'><strong>Solia</strong></span> <span class='ocrx_word' id='word_1_334' title='bbox 620 4139 762 4204; x_wconf 89' lang='lat' dir='ltr'><strong>absoluta</strong></span> <span class='ocrx_word' id='word_1_335' title='bbox 779 4163 812 4198; x_wconf 91' lang='lat'>=</span> <span class='ocrx_word' id='word_1_336' title='bbox 834 4140 867 4215; x_wconf 89' lang='lat' dir='ltr'><strong>S,</strong></span> <span class='ocrx_word' id='word_1_337' title='bbox 890 4137 949 4202; x_wconf 87' lang='lat' dir='ltr'><strong>erit</strong></span> <span class='ocrx_word' id='word_1_338' title='bbox 969 4151 1090 4221; x_wconf 85' lang='lat' dir='ltr'><strong>ternpus</strong></span> <span class='ocrx_word' id='word_1_339' title='bbox 1109 4135 1302 4220; x_wconf 88' lang='lat' dir='ltr'><strong>periodicum</strong></span> <span class='ocrx_word' id='word_1_340' title='bbox 1315 4155 1437 4218; x_wconf 85' lang='lat' dir='ltr'><strong>semper</strong></span> <span class='ocrx_word' id='word_1_341' title='bbox 1451 4145 1487 4198; x_wconf 92' lang='lat' dir='ltr'><strong>ut</strong></span> 
     </span>
    </p>

    <p class='ocr_par' dir='ltr' id='par_1_17' title="bbox 212 4242 1487 4521">
     <span class='ocr_line' id='line_1_37' title="bbox 212 4242 1487 4414; baseline -0.005 -64"><span class='ocrx_word' id='word_1_342' title='bbox 212 4249 340 4414; x_wconf 42' lang='lat' dir='ltr'><strong>‘VLSQ</strong></span> <span class='ocrx_word' id='word_1_343' title='bbox 362 4285 494 4372; x_wconf 74' lang='lat' dir='ltr'><strong>quodsi</strong></span> <span class='ocrx_word' id='word_1_344' title='bbox 515 4286 610 4372; x_wconf 78' lang='lat' dir='ltr'><strong>igitur</strong></span> <span class='ocrx_word' id='word_1_345' title='bbox 623 4299 745 4370; x_wconf 87' lang='lat' dir='ltr'><strong>tempus</strong></span> <span class='ocrx_word' id='word_1_346' title='bbox 758 4283 950 4368; x_wconf 89' lang='lat' dir='ltr'><strong>periodicum</strong></span> <span class='ocrx_word' id='word_1_347' title='bbox 966 4283 1004 4347; x_wconf 91' lang='lat' dir='ltr'><strong>sit</strong></span> <span class='ocrx_word' id='word_1_348' title='bbox 1024 4297 1097 4361; x_wconf 68' lang='lat' dir='ltr'><strong>:t</strong></span> <span class='ocrx_word' id='word_1_349' title='bbox 1120 4283 1179 4347; x_wconf 89' lang='lat' dir='ltr'><strong>erit</strong></span> <span class='ocrx_word' id='word_1_350' title='bbox 1194 4293 1256 4348; x_wconf 89' lang='lat' dir='ltr'><strong>tut</strong></span> <span class='ocrx_word' id='word_1_351' title='bbox 1273 4245 1383 4410; x_wconf 47' lang='grc' dir='ltr'><em>Ἠ</em></span> <span class='ocrx_word' id='word_1_352' title='bbox 1398 4242 1487 4406; x_wconf 52' lang='lat' dir='ltr'><strong>“g</strong></span> 
     </span>
     <span class='ocr_line' id='line_1_38' title="bbox 854 4457 877 4521; baseline 0 0"><span class='ocrx_word' id='word_1_353' title='bbox 854 4457 877 4521; x_wconf 86' lang='lat' dir='ltr'>S</span> 
     </span>
    </p>
   </div>
   <div class='ocr_carea' id='block_1_10' title="bbox 212 4463 1486 4622">
    <p class='ocr_par' dir='ltr' id='par_1_18' title="bbox 212 4463 1486 4622">
     <span class='ocr_line' id='line_1_39' title="bbox 212 4463 1486 4622; baseline -0.005 -64"><span class='ocrx_word' id='word_1_354' title='bbox 212 4463 323 4620; x_wconf 40' lang='lat' dir='ltr'><strong>uti-5¹3.</strong></span> <span class='ocrx_word' id='word_1_355' title='bbox 352 4494 407 4560; x_wconf 83' lang='lat' dir='ltr'><strong>Ad</strong></span> <span class='ocrx_word' id='word_1_356' title='bbox 417 4493 553 4560; x_wconf 83' lang='lat' dir='ltr'><strong>valorem</strong></span> <span class='ocrx_word' id='word_1_357' title='bbox 560 4505 664 4559; x_wconf 83' lang='lat' dir='ltr'><strong>autem</strong></span> <span class='ocrx_word' id='word_1_358' title='bbox 674 4493 830 4558; x_wconf 66' lang='lat' dir='ltr'><strong>flactione</strong></span> <span class='ocrx_word' id='word_1_359' title='bbox 841 4493 1038 4622; x_wconf 55' lang='grc' dir='ltr'><strong>εῖὲιιὶκοΙιιῐὲ</strong></span> <span class='ocrx_word' id='word_1_360' title='bbox 1049 4493 1278 4571; x_wconf 82' lang='lat' dir='ltr'><strong>irrreniendum,</strong></span> <span class='ocrx_word' id='word_1_361' title='bbox 1294 4491 1486 4575; x_wconf 86' lang='lat' dir='ltr'><strong>exprimatur</strong></span> 
     </span>
    </p>
   </div>
   <div class='ocr_carea' id='block_1_11' title="bbox 0 0 1646 5517">
    <p class='ocr_par' dir='ltr' id='par_1_19' title="bbox 0 0 1646 5517">
     <span class='ocr_line' id='line_1_40' title="bbox 0 0 1646 5517; baseline 0 0"><span class='ocrx_word' id='word_1_362' title='bbox 0 0 1646 5517; x_wconf 95' lang='lat' dir='ltr'><strong> </strong></span> 
     </span>
    </p>
   </div>
  </div>
 </body>
</html>
