3284 5517
151 392 453 473 bernharius]
489 394 733 463 PRINCIPIA
755 396 1130 463 MATHEMATICA.
1390 396 1437 459 ’63

149 564 539 633 untedifferentismst
559 568 688 655 singulis
699 566 820 633 diebus.
847 566 1439 653 Deindefaeiendoutpendulumsim-

152 675 226 760 plex
238 675 280 739 sd
294 676 415 741 minuta
426 677 548 764 singula
560 678 696 741 secunde
709 700 768 762 per
782 678 981 765 horologium
992 679 1146 763 optimum
1157 689 1336 741 mensurata
1347 675 1438 739 oscil-

152 783 240 860 laret,
262 785 381 849 notavit
402 784 628 873 longitudinem
650 784 780 870 penduli
795 784 952 870 simplicis,
969 784 1076 849 ethos
1090 783 1163 848 fecit
1177 784 1291 869 saepius
1306 764 1437 869 singulis

145 892 328 977 septimanis
340 900 401 977 'per
415 898 537 957 menses
551 892 670 957 decem.
702 893 787 957 Tum
802 892 836 955 in
852 891 991 957 Galliam
1004 891 1106 955 redux
1120 890 1253 956 eontulit
1266 887 1438 977 longitudi-

90 1072 92 1077 ,
148 1024 220 1067 nem
241 1000 334 1087 hujus
354 1000 485 1085 penduli
505 1022 577 1065 cum
598 974 793 1089 longitudine
814 1000 946 1085 penduli
961 1000 1145 1066 Parisiensis
1161 1005 1247 1087 (quae
1260 1013 1329 1063 erat
1341 999 1437 1063 trium

147 1111 264 1195 pedum
287 1111 520 1189 Parisiensiurn,
541 1124 574 1177 et
592 1124 663 1175 octo
685 1110 840 1179 linearum
862 1133 936 1175 oum
963 1111 1064 1176 tribus
1084 1110 1201 1196 quintis
1228 1093 1370 1194 partibus
1399 1109 1438 1171 li·

144 1221 235 1301 neael
252 1229 285 1283 et
307 1218 423 1303 reperit
447 1218 623 1283 breviorem
646 1240 726 1296 esse,
753 1218 907 1285 existente
929 1216 1105 1283 differentiis
1129 1216 1222 1281 lineoe
1244 1205 1344 1281 unius
1363 1225 1437 1281 cum

146 1324 329 1412 quadrante.

188 1432 306 1497 Postea
327 1432 473 1499 Halleius
492 1434 600 1499 noster
614 1435 697 1499 circa
711 1454 830 1499 annum
848 1440 931 1503 1677
947 1434 988 1499 ad
1002 1433 1138 1499 insulam
1153 1436 1279 1499 Sanctae
1300 1429 1438 1497 Helenoe

143 1544 304 1632 navigans,
326 1546 443 1630 reperit
456 1544 656 1633 horologium
671 1567 763 1609 suum
777 1544 1002 1609 oscillatorium
1016 1546 1061 1609 ihi
1075 1544 1194 1609 tardius
1208 1544 1328 1608 moveri
1341 1541 1437 1629 qudm

145 1654 294 1733 Londini,
311 1654 367 1719 sed
382 1656 589 1723 differentiam
610 1678 674 1721 non
696 1657 828 1721 notavit.
874 1656 1053 1725 Pendulum
1063 1656 1144 1721 'vero
1158 1657 1285 1721 brevius
1300 1655 1438 1721 reddidit

141 1767 308 1854 plusquam
329 1766 437 1832 octavi
459 1780 551 1853 parto
571 1768 671 1855 digiti,
696 1792 752 1833 seu
773 1768 857 1832 linei
881 1767 945 1831 und
966 1790 1039 1831 oum
1061 1768 1198 1832 semisse.
1246 1768 1291 1831 Et
1313 1767 1438 1830 adhoc

141 1876 348 1963 efficiendum,
373 1875 446 1939 edm
467 1876 634 1963 longitudo
656 1877 794 1941 cochleoe
808 1877 842 1940 in
856 1876 919 1941 imi
934 1890 1025 1962 parte
1038 1878 1170 1962 penduli
1190 1900 1254 1942 non
1269 1877 1435 1954 sufficeret,

146 1981 298 2046 annulum
313 1982 454 2069 ligneum
468 1982 569 2047 thecae
585 1983 723 2047 cochleoe
736 1996 769 2047 et
782 1983 915 2069 ponderi
929 1984 1069 2068 pendulo
1083 1986 1278 2070 interposuit.
1330 2026 1333 2031 -

183 2088 312 2153 Deinde
327 2110 412 2153 anno
429 2096 521 2157 1682.
536 2090 581 2157 D.
593 2090 694 2155 Varin
707 2102 739 2155 et
753 2090 797 2159 D.
809 2092 865 2157 dea
882 2090 992 2177 Hayes
1006 2092 1193 2157 invenenmt
1206 2093 1435 2181 longitudinem

143 2198 275 2284 penduli
285 2198 416 2285 singulis
430 2198 558 2263 minutis
573 2198 717 2263 secundis
732 2199 902 2265 oscillantis
915 2200 949 2263 in
962 2200 1188 2267 Observatorio
1198 2203 1302 2291 Regio
1316 2203 1434 2273 Parisi-

143 2310 210 2374 ensi
233 2332 302 2373 esse
322 2309 395 2395 ped.
412 2318 443 2373 8.
458 2309 511 2373 lin.
529 2316 578 2399 83.
624 2309 668 2375 Et
680 2310 714 2373 in
731 2308 832 2373 insulsi
848 2308 958 2375 Gored
974 2308 1085 2375 eidem
1099 2312 1251 2379 methodo
1265 2314 1437 2401 longitudi-

140 2440 212 2483 nem
236 2418 367 2503 penduli
390 2418 559 2504 synchroni
574 2419 763 2483 invenerunt
776 2441 845 2482 esse
857 2418 931 2503 ped.
948 2428 977 2483 8.
993 2418 1048 2482 lin.
1064 2425 1115 2507 613.
1132 2421 1285 2485 existente
1296 2422 1437 2511 longitu-

140 2531 251 2595 dinum
274 2531 449 2597 differentis
471 2530 526 2595 lin.
548 2539 579 2595 2.
625 2530 668 2595 Et
689 2530 800 2595 eodem
821 2550 907 2593 anno
927 2528 969 2592 ad
989 2528 1107 2594 insulas
1134 2530 1379 2617 Guadaloupam
1405 2549 1438 2601 et

142 2642 345 2707 Mmtinieam
354 2642 547 2729 navigantes,
562 2642 751 2707 invenerunt
763 2639 992 2729 longitudinem
1006 2642 1137 2726 penduli
1151 2642 1322 2731 synchroni
1337 2646 1371 2711 in
1386 2647 1436 2713 his

139 2754 248 2819 insulis
264 2776 332 2821 esse
346 2754 419 2839 ped.
440 2764 470 2819 3.
486 2754 541 2819 lin.
558 2759 610 2837 63.

127 2909 133 2921 ·
183 2866 321 2933 Posthac
342 2866 387 2930 D.
404 2865 541 2950 couplet
561 2866 645 2931 filius
666 2888 751 2930 enno
776 2872 858 2934 1697
880 2888 989 2931 mense
1008 2866 1105 2944 Julio,
1128 2864 1333 2955 horologium
1343 2890 1435 2933 suum

140 2976 362 3040 oscillatorium
377 2973 418 3039 ad
432 2984 554 3039 motum
565 2974 647 3039 Solis
663 2973 802 3039 medium
816 2973 850 3036 in
861 2973 1088 3039 Observatorio
1104 2975 1208 3062 Regio
1223 2976 1391 3050 Parisiensi
1401 2977 1447 3041 sic

139 3084 266 3167 aptavit,
289 3094 325 3147 ut
346 3094 488 3167 tempore
511 3082 583 3147 satis
605 3082 702 3170 longo
724 3081 926 3169 horologium
946 3106 1018 3148 cum
1033 3096 1122 3148 motu
1139 3085 1221 3151 Solis
1236 3104 1435 3175 congrueret.

140 3196 266 3261 Deinde
290 3196 538 3281 Ulyssipponem
557 3196 708 3282 navigans
730 3194 850 3258 invenit
871 3192 959 3281 quod
977 3217 1086 3259 mense
1101 3194 1275 3261 Novembri
1289 3200 1437 3282 proximo

139 3302 339 3390 horologium
361 3302 481 3367 tardids
496 3304 556 3367 iret
570 3301 664 3389 qusim
679 3301 776 3387 pride,
801 3302 954 3368 existente
970 3303 1144 3367 differentiis
1160 3306 1200 3368 θ’.
1217 3310 1285 3371 18”.
1300 3298 1333 3369 in
1348 3308 1435 3372 horis

141 3422 191 3477 24.
223 3413 267 3477 Et
277 3435 384 3477 mense
401 3411 521 3479 Martio
535 3422 683 3499 sequente
698 3409 865 3475 Paraibam
878 3410 1030 3499 navigans
1043 3411 1163 3477 invenit
1176 3413 1222 3476 ibi
1235 3414 1435 3503 horologium

140 3548 232 3589 suum
253 3524 373 3590 terdidr
395 3525 441 3589 ire
464 3522 558 3612 qudm
576 3521 715 3599 Parisiis,
733 3520 885 3585 existente
899 3519 1075 3586 differentiis
1091 3524 1132 3588 4‘.
1150 3528 1217 3587 12⁰.
1232 3522 1265 3586 in
1281 3523 1367 3589 horis
1383 3533 1435 3589 24.

144 3632 186 3697 Et
201 3633 336 3697 affimnat
349 3632 523 3717 pendulum
538 3632 579 3697 ad
593 3632 714 3695 minuta
728 3628 865 3693 secunde
879 3630 1024 3725 oscillans
1038 3631 1164 3696 brevius
1179 3632 1273 3697 luisse
1290 3634 1435 3721 Ulyssip·

140 3744 215 3827 poni
234 3741 324 3807 lineis
346 3742 398 3821 tl.
415 3750 447 3807 et
462 3740 608 3807 Paraibae
622 3736 713 3803 lineis
730 3734 780 3816 δί.
797 3734 893 3824 qudm
908 3737 1047 3803 Parisiis.
1087 3740 1120 3824 (¹)
1138 3740 1266 3805 Rectius
1279 3743 1436 3826 posuisset

170 3940 201 4004 (¹)
220 3944 234 3971 “
247 3939 342 3990 necess
354 3943 474 4004 moret.
509 3939 669 4004 Horologium
679 3937 767 3987 tudina
799 3934 1434 3995 Ῑηνὶ67164640οω599607491719885ε6966

139 4002 767 4069 ΜυιμῐρροιιὶῳὲωΡιήιϋῃιίηωωᾱῐθω.
821 4042 845 4091 L
1017 4040 1041 4089 1.
1055 4058 1089 4071 .-
1103 4006 1374 4075 29507491312885—

139 4066 172 4113 tid
183 4070 211 4115 ἵ.
225 4068 275 4117 1³⁶.
289 4086 330 4116 seu
350 4070 415 4117 183”.
427 4068 527 4132 ideoque
543 4068 691 4132 horologium
707 4066 768 4115 illud
800 4064 807 4093 ²
861 4056 889 4089 ω
903 4038 1001 4101 mm
1054 4072 1090 4086 “
1128 4084 1305 4127 67184640000
1338 4048 1434 4093 '⁸⁴3⁹

140 4130 236 4179 Parisiis
246 4132 372 4180 conficiens
388 4138 420 4181 24
435 4134 485 4183 hor.
496 4134 570 4195 spatio
581 4131 680 4181 86400''.
696 4130 767 4193 Ulys-
801 4150 977 4195 13494352035

139 4194 229 4257 sipponi
240 4196 377 4245 conficiebat
388 4196 481 4245 tontum
492 4196 583 4246 86400l‘
601 4224 634 4235 -
645 4196 709 4244 lss'‘.
723 4197 768 4271 hoe
800 4207 978 4275 ffid'so-odo
987 4202 1022 4231 =
1033 4166 1102 4247 459}
1112 4180 1154 4229 lin·
1164 4180 1261 4231 circitor.
1298 4182 1344 4233 ne
1353 4195 1435 4235 autem

138 4270 180 4317 est,
190 4260 289 4311 8626T‘.
326 4260 372 4309 Sed
383 4270 418 4309 est
428 4260 552 4325 longitudo
562 4260 660 4323 penduli
672 4259 769 4307 Parisiis
799 4286 924 4352 longitudo
944 4287 1042 4349 muli
1059 4284 1156 4334 pffffi
1173 4284 1205 4333 ,ἆ
1220 4284 1313 4335 minui,
1330 4288 1434 4338 mna,

138 4360 572 4414 nmmmmommm.
583 4329 655 4454 {igi
687 4359 769 4419 Μ
800 4388 927 4440 semu
943 4388 986 4438 5..
999 4354 1065 4401 ⁸⁹⁶⁵
1082 4404 1125 4437 ..5
1140 4392 1255 4448 555555,
1272 4388 1310 4436 ..ι
1327 4397 1376 4441 ..5
1393 4358 1431 4480 ξ.

1001 4417 1067 4431 —

139 4464 290 4531 rilongitudo
297 4468 393 4530 penduli
404 4466 434 4515 ad
445 4468 536 4517 minuta
546 4468 650 4515 munds
661 4466 768 4529 Ul5⁸sil>⁸
800 4492 872 4561 qums
880 4492 1011 4541 mma.
1019 4492 1178 4557 pendulomm
1185 4492 1283 4541 Ρηῑιῑιι
1290 4504 1314 4541 a
1323 4492 1433 4557 υιμῐρ.

140 4530 192 4589 poni
216 4533 342 4581 oscillantia
357 4533 448 4585 dicatur
464 4533 495 4590 L,
512 4533 556 4581 erit
573 4532 641 4597 (Cor.
655 4538 678 4581 4.
694 4532 766 4611 Prop.
800 4560 857 4624 poni
878 4561 908 4605 nd
922 4558 1016 4607 minum
1025 4557 1129 4607 md·
1138 4558 1296 4605 mumdum
1306 4558 1375 4606 debet
1385 4574 1436 4607 m

141 4630 245 4683 xxlv.
255 4634 309 4685 Lus
321 4636 372 4701 11.)
382 4634 631 4703 (stromensem)
640 4602 766 4724 ²:3⁹5&
801 4628 1039 4707 rael-saal:
1054 4628 1095 4707 il.
1122 4639 1436 4707 neumisquepoauim

757 4758 813 4807 Hs
