3284 5517
254 393 317 457 320
504 389 773 468 INQUISITIO
796 389 1001 457 PHYslca
1023 388 1073 455 IN
1098 387 1293 456 CAUSAM

250 559 304 624 vit.
350 557 449 624 Simul
464 569 571 623 autem
585 582 626 624 ex
643 559 753 624 iisdem
768 559 1077 625 determinationibus
1097 559 1280 646 intelligitur
1295 559 1353 623 sub
1370 558 1441 644 ipsis
1453 553 1524 644 polis

250 668 373 732 nullum
388 669 516 732 omnino
530 679 643 733 testum
656 668 725 733 dari
739 669 898 748 diurnum,
921 669 955 733 in
969 669 1148 758 regionibus
1162 671 1237 732 verb
1252 691 1271 732 a
1284 665 1364 753 polis
1378 689 1440 730 non
1459 687 1525 751 pro-

249 776 302 842 cul
322 776 459 853 remotis,
482 777 537 840 ubi
558 775 723 842 luminaria
744 779 793 843 vel
814 752 879 843 nori
901 779 1045 845 oriuntur
1066 777 1116 843 vel
1135 800 1200 842 non
1220 776 1376 853 occidunt,
1399 773 1525 862 quotidie

249 903 348 946 unum
370 892 490 946 tanturn
511 883 634 948 fluxum
647 886 837 973 unicumque
851 887 1006 951 refluxum
1021 886 1202 974 contingere
1216 883 1348 960 deberc3
1371 904 1439 968 quae
1459 901 1525 944 con·

249 989 408 1078 sequentia
431 989 570 1069 theoriae,
597 991 654 1056 etsi
683 993 951 1058 observationibus
977 991 1119 1057 nondum
1144 992 1219 1056 satis
1248 1001 1296 1056 est
1325 989 1523 1074 comprobata,

247 1112 353 1164 tamen
375 1099 450 1187 quia
470 1123 511 1165 ex
532 1102 642 1166 iisdem
663 1103 824 1188 principiis
846 1103 985 1190 sequitur
1005 1123 1077 1190 quoe
1098 1099 1247 1167 institutis
1271 1097 1524 1164 observationibus

247 1211 445 1293 satisfaciant,
460 1213 540 1278 nulli
553 1214 687 1300 ampliris
701 1215 798 1280 dubio
812 1216 951 1303 subjecta
961 1215 1093 1279 videtur.
1129 1211 1166 1278 In
1182 1211 1259 1277 locis
1270 1221 1374 1275 autem
1386 1207 1524 1295 aequatmi

245 1320 456 1404 propioribus,
487 1322 600 1407 quibus
624 1323 762 1409 quotidie
785 1323 851 1387 bini
873 1324 977 1387 fluxus
1000 1321 1191 1409 totidemque
1216 1321 1358 1385 refluxus
1381 1317 1523 1394 eveniunt,

246 1449 450 1510 momentum,
473 1455 536 1519 quo
550 1456 632 1520 aqua
644 1434 781 1498 maxime
795 1434 980 1520 deprimitur
993 1457 1058 1498 nou
1073 1433 1146 1497 satis
1161 1429 1269 1498 exacte
1282 1429 1422 1495 medium
1440 1427 1524 1492 inter·

242 1539 349 1624 jacere
363 1539 544 1604 observatur
557 1540 639 1605 inter
652 1542 796 1605 fluxuum
808 1553 976 1618 momenta,
998 1540 1054 1604 sed
1069 1521 1144 1604 mon¹
1164 1537 1263 1625 priori
1281 1559 1359 1602 mox
1372 1531 1525 1622 posteriori

249 1657 297 1709 est
317 1646 456 1730 propius,
479 1647 565 1733 quod
585 1647 828 1732 pbaenomenum
849 1670 921 1712 cum
943 1647 1049 1713 nostri
1070 1645 1192 1713 theoriis
1214 1644 1356 1732 apprime
1374 1643 1524 1730 congruit3

246 1757 441 1822 ostendimus
463 1758 547 1822 enim
567 1771 761 1824 momentum
782 1757 920 1823 refluxtis
943 1781 1007 1822 nou
1030 1756 1141 1822 exacte
1168 1757 1303 1842 tempori
1328 1754 1431 1819 medio
1455 1753 1526 1816 inter

245 1865 350 1928 fluxus
371 1863 571 1948 respondere,
593 1865 654 1928 nisi
667 1864 717 1929 vel
738 1865 826 1949 locus
841 1865 917 1930 situs
933 1865 973 1930 sit
987 1865 1045 1930 sub
1060 1878 1229 1952 aequatore,
1253 1863 1304 1928 vel
1326 1864 1427 1929 Lunae
1441 1859 1525 1926 decli-

245 1971 332 2035 natio
346 1968 440 2035 fuerit
453 1971 549 2048 nulla,
567 1971 622 2036 sed
636 1969 731 2035 modb
745 1972 844 2057 priori
859 1969 954 2035 modb
968 1971 1134 2056 posteriori
1148 1970 1249 2035 fluxui
1264 1991 1332 2034 esse
1346 1969 1481 2056 propius.

290 2083 314 2158 l.
333 2084 405 2142 101.
429 2077 610 2142 Secundum
630 2078 874 2163 phaenomenum
894 2078 956 2144 huc
978 2078 1069 2156 redit,
1093 2089 1129 2144 ut
1142 2077 1258 2165 ubique
1277 2077 1419 2143 locorum
1432 2077 1526 2142 diuus

246 2195 319 2268 post
343 2183 508 2247 transitum
530 2184 632 2249 Lunae
657 2206 715 2269 per
734 2185 942 2250 meridiantun
963 2187 1069 2250 venire
1089 2185 1281 2266 observetur,
1305 2187 1401 2274 idque
1421 2183 1528 2270 aliquot

246 2297 398 2362 horarum
421 2298 531 2382 spatio,
556 2298 589 2362 in
610 2299 762 2383 portubus
776 2298 884 2363 verstis
899 2308 1041 2384 apertum
1057 2321 1209 2364 oceanum
1222 2297 1411 2384 patentibus.
1452 2293 1526 2358 Nan

246 2408 279 2470 in
305 2406 485 2495 regionibus
509 2429 580 2493 quae
605 2430 677 2472 cum
700 2428 820 2472 oceano
845 2427 909 2472 non
933 2405 1093 2472 liberrime
1120 2405 1399 2482 communicantur,
1422 2399 1475 2468 sed
1493 2395 1527 2463 ad

246 2537 323 2602 quas
345 2537 427 2601 aqua
442 2516 536 2600 juxta
555 2515 660 2579 littora
681 2514 796 2580 deferri
817 2515 920 2593 debet,
943 2513 1043 2579 multi)
1065 2511 1185 2579 tardirls
1201 2525 1293 2578 aestus
1308 2509 1444 2592 advenit,
1465 2527 1527 2594 quae

245 2621 415 2686 retardatio
437 2622 464 2684 si
484 2619 550 2684 ferd
565 2620 606 2684 ad
624 2629 663 2684 12
676 2620 771 2686 horas
786 2620 934 2711 ascendit,
957 2621 991 2684 in
1006 2644 1099 2685 causa
1113 2644 1180 2686 esse
1195 2619 1282 2698 solet,
1306 2635 1344 2686 ut
1361 2615 1528 2706 hujusmodi

246 2730 280 2797 in
307 2729 383 2793 locis
404 2729 509 2792 fluxus
535 2741 607 2792 anta
627 2729 791 2794 transitum
817 2728 920 2793 Lunae
945 2733 1003 2814 pel
1027 2725 1235 2792 meridianum
1259 2727 1367 2792 venire
1387 2725 1526 2791 videatur.

249 2837 300 2902 lta
319 2837 360 2901 ud
385 2837 519 2902 Portum
534 2837 656 2903 Gratiae
670 2837 771 2901 videri
791 2849 898 2922 posset
910 2838 1015 2902 fluxus
1031 2847 1050 2904 8
1065 2835 1151 2902 boris
1167 2837 1269 2902 Lunae
1285 2833 1528 2901 culminationem

247 2947 443 3026 antecedere,
468 2947 540 3012 crim
554 2961 669 3027 tamen,
691 2971 726 3013 re
738 2949 820 3014 bend
834 2947 1038 3028 considerati,
1061 2973 1080 3013 a
1100 2947 1298 3035 praecedente
1318 2945 1528 3012 culminatione

246 3056 376 3134 oriatur,
400 3067 494 3143 atque
514 3054 595 3120 adab
615 3078 685 3120 eam
707 3067 728 3122 9
749 3055 815 3122 ferd
836 3055 923 3121 horis
945 3057 1071 3121 demum
1087 3068 1242 3142 sequatur,
1266 3055 1312 3119 uti
1335 3053 1492 3140 apparebit
1504 3047 1526 3111 si

246 3177 380 3230 aesttmm
401 3181 570 3246 momenta,
594 3189 665 3255 quse
687 3162 861 3233 successive
883 3167 923 3232 ad
945 3161 1049 3231 littora
1066 3161 1237 3231 Britannlae
1254 3159 1392 3230 Minoris
1407 3175 1438 3229 et
1452 3161 1527 3226 Nur·

245 3277 381 3340 mannioe
392 3277 598 3343 observantur
609 3279 819 3364 continuisque
830 3275 930 3365 magis
942 3275 1149 3354 retardantur,
1162 3271 1308 3339 attentitis
1323 3273 1526 3362 inspiciantur·

246 3389 388 3454 Deberet
409 3389 536 3477 quidem
557 3391 675 3478 ubique
692 3391 798 3454 fluxus
820 3388 854 3452 in
876 3389 960 3473 ipsos
983 3387 1084 3452 Lunae
1099 3386 1245 3451 transitus
1259 3407 1316 3472 per
1331 3384 1527 3450 meridianum

245 3494 394 3574 incidere,
418 3494 483 3559 imd
497 3482 686 3583 quandoque
700 3494 743 3560 ob
759 3491 866 3560 Solem
879 3487 1068 3579 praecedere,
1092 3515 1155 3557 non
1171 3493 1272 3557 solum
1288 3491 1393 3556 demti
1414 3485 1526 3561 inertii,

245 3602 409 3668 sedetiam
424 3603 461 3668 ed
476 3603 588 3688 positi,
601 3605 628 3668 si
642 3615 763 3668 tantum
778 3625 869 3688 aquae
883 3613 986 3665 motus
1001 3601 1153 3666 verticalis
1169 3613 1325 3686 spectetur
1333 3625 1343 3678 ;
1358 3611 1390 3666 at
1404 3599 1430 3663 si
1443 3595 1528 3662 etiam

245 3709 349 3776 motta
371 3709 573 3775 borimntalis
595 3711 675 3774 ratio
695 3709 859 3788 habeatur,
882 3723 949 3774 tum
964 3706 1099 3775 dilucidi
1117 3707 1309 3775 ostendimus
1323 3709 1443 3774 fluxum
1464 3725 1529 3792 per·

244 3818 341 3904 petub
355 3819 517 3898 retardari,
541 3843 578 3885 ac
592 3821 719 3885 demum
733 3834 806 3906 post
821 3817 923 3885 Lunae
938 3821 1104 3886 transitum
1120 3845 1177 3908 per
1191 3821 1400 3887 meridianum
1414 3815 1529 3882 evenire

245 3928 370 3993 debere.
415 3927 557 4015 Tempus
573 3927 698 4016 quidem
713 3928 807 4014 hujus
822 3927 1050 4007 retardationis,
1067 3927 1139 3993 crim
1153 3929 1193 3994 sit
1206 3929 1376 3994 admodum
1391 3919 1529 3992 variabile

244 4039 451 4128 pluribusque
466 4039 706 4104 circumstantiis
722 4013 905 4124 subjecttim,
929 4059 994 4102 non
1009 4037 1215 4118 delinivimus
1239 4039 1365 4103 interim
1379 4049 1480 4102 tamen
1499 4025 1529 4091 ld

246 4167 287 4210 ex
301 4151 324 4228 §.
342 4155 394 4211 82.
410 4144 516 4234 colligi
530 4145 656 4230 poterit,
673 4145 799 4210 remotis
813 4145 950 4209 extemis
973 4145 1220 4230 impedimentis:
1244 4145 1317 4210 crim
1331 4144 1414 4209 enim
1428 4143 1529 4205 inven-

246 4255 361 4319 erimus
391 4276 505 4341 aquam
533 4253 662 4340 proprii
692 4253 724 4318 vi
751 4251 912 4344 gravitatis
936 4273 1003 4317 sese
1027 4253 1061 4317 in
1086 4253 1179 4318 situm
1202 4251 1369 4340 oequllibrii
1397 4249 1528 4331 recipere

246 4417 389 4489 tempore
404 4373 446 4532 ἒξ
461 4404 621 4485 horarum,
637 4427 674 4472 ac
688 4427 855 4470 numerum
869 4427 892 4470 n
907 4427 974 4472 esse
989 4403 1111 4470 circiter
1126 4414 1145 4472 5
1160 4403 1210 4470 vel
1227 4413 1258 4483 6,
1281 4401 1474 4470 manifestum
1488 4403 1531 4462 est

246 4587 336 4641 tanto
357 4575 451 4640 etiam
472 4589 615 4664 temporo
637 4601 717 4664 opus
738 4601 815 4657 esse,
838 4603 902 4666 quo
925 4603 1004 4666 aqua
1026 4599 1098 4643 eum
1121 4579 1213 4644 situm
1228 4601 1321 4666 quem
1337 4577 1416 4642 vires
1437 4575 1531 4638 inten-

248 4685 339 4764 dunt,
362 4686 484 4766 induat,
507 4709 548 4751 ex
563 4709 626 4774 quo
641 4687 746 4753 fluxus
761 4689 884 4752 circiter
898 4697 918 4752 2
933 4687 1027 4752 horas
1041 4685 1091 4753 vel
1113 4692 1153 4770 ἢ
1176 4687 1269 4752 horas
1291 4697 1361 4772 post
1377 4683 1533 4750 transitum
