3284 5517
177 369 231 435 xiv
651 370 984 439 INTRODUGHO
1310 374 1408 454 [Cau.
1424 376 1451 439 l.

176 538 391 625 strenus
413 540 525 607 hobus
540 544 571 607 A
588 544 616 609 c
633 544 661 609 n
679 545 713 607 in
727 507 843 631 ,rna
858 546 1023 610 erminum
1043 545 1161 611 aaa
1182 559 1230 610 et
1250 545 1295 611 at
1308 550 1452 613 semem

174 657 209 709 ut
221 644 309 709 filum
326 649 349 713 S
366 647 394 710 C
408 648 442 713 D
458 648 596 733 pondere
611 649 645 713 D
659 662 782 715 tensum
796 652 932 737 ideoque
951 653 1107 730 verticale,
1129 653 1260 717 limbum
1282 652 1365 717 illius
1383 666 1451 717 tan·

171 762 235 836 gat,
251 750 364 817 deinde
377 752 421 817 itd
436 754 564 819 vertitur
578 767 615 819 ut
627 755 713 821 sidus
729 757 759 823 L
772 758 861 842 cujus
875 758 1008 823 altitudo
1018 758 1280 837 ohsemandaest,
1294 759 1450 845 perdiop-

23 2756 25 2763 ’
166 2775 231 2826 tras
246 2773 300 2825 aut
313 2781 370 2845 per
384 2756 586 2843 telescopium
601 2755 691 2820 lateri
708 2754 775 2821 S'B
791 2754 920 2821 affixum
935 2755 1076 2824 videatur
1089 2759 1123 2825 in
1137 2762 1248 2828 eodem
1265 2762 1363 2828 latere
1378 2764 1401 2827 S
1418 2762 1447 2827 B

166 2870 332 2955 producto.
372 2872 447 2947 Quo
461 2869 552 2946 sacto,
568 2866 702 2932 habetur
716 2888 805 2930 arcus
823 2870 854 2931 A
871 2868 909 2945 C,
925 2890 1072 2933 mensura
1085 2870 1256 2935 altitudinis
1270 2871 1447 2957 apparentis

165 2980 196 3044 L
220 2982 243 3045 S
264 2980 304 3059 h3
326 3002 400 3044 nam
422 2978 492 3044 crim
515 2978 603 3041 filum
625 2999 643 3040 e
666 2970 845 3061 quadrantis
869 2989 976 3039 centro
1000 2978 1196 3062 S„pendens
1219 2979 1260 3043 sit
1278 3000 1399 3065 semper
1413 2978 1446 3040 in

165 3085 261 3169 pleno
282 3084 430 3163 verticuli,
453 3082 608 3171 quadrans
631 3083 663 3146 A
687 3084 709 3147 S
733 3082 761 3145 B
783 3080 843 3145 erit
863 3080 956 3145 etiam
975 3083 1008 3147 in
1026 3084 1136 3150 eodem
1150 3086 1256 3170 plano,
1272 3086 1377 3168 (Eucl.
1395 3094 1446 3150 18.

167 3190 245 3273 XI.)
260 3192 392 3279 ideoque
413 3190 436 3253 h
456 3213 472 3254 r
494 3188 535 3254 ud
551 3191 574 3255 S
589 3190 623 3255 D
638 3187 915 3273 perpendicularis,
931 3186 990 3271 erit
1004 3190 1178 3255 intersectio
1192 3192 1361 3257 horizontis
1376 3214 1445 3257 sen-

166 3298 263 3363 sibilis
277 3312 310 3364 et
322 3298 408 3384 plani
423 3294 575 3364 verticalis
590 3319 647 3382 per
670 3292 699 3359 L
719 3294 814 3371 ducti,
831 3292 924 3381 atque
938 3297 1071 3385 angulus
1087 3295 1117 3361 L
1132 3298 1157 3362 S
1171 3297 1193 3360 h
1207 3298 1317 3361 sideris
1333 3299 1362 3363 L
1376 3295 1446 3361 alti·

24 3478 25 3481 ,
166 3405 243 3470 tudo
265 3428 427 3493 apparens.
468 3404 537 3490 ‚sed
560 3404 586 3467 si
608 3404 648 3467 ab
669 3401 789 3489 angulis
811 3402 903 3465 rectis
926 3402 956 3467 L
972 3404 996 3468 S
1011 3404 1053 3481 A,
1073 3417 1105 3467 et
1119 3402 1142 3465 h
1158 3404 1182 3468 S
1196 3404 1240 3481 D,
1256 3402 1445 3467 subducatur

166 3514 376 3576 communish
393 3514 416 3577 S
432 3513 473 3591 A,
489 3522 651 3576 remanent
665 3508 800 3595 aequales
815 3508 922 3597 anguli
940 3509 970 3574 L
985 3510 1009 3577 S
1023 3510 1045 3573 h
1060 3523 1092 3576 et
1107 3512 1137 3576 A
1154 3511 1177 3576 S
1194 3510 1241 3587 (ἒς
1264 3510 1356 3597 hujus
1370 3510 1445 3574 verd

165 3638 310 3683 mensura
324 3632 370 3684 est
384 3640 474 3683 arcus
490 3618 521 3681 A
538 3616 576 3683 C.

210 3731 260 3787 12.
284 3724 372 3789 Hinc
394 3723 528 3789 describi
549 3734 654 3809 potest
667 3720 750 3789 linea
765 3723 936 3788 meridiana
950 3722 1044 3809 suprd
1059 3747 1152 3811 quam
1167 3725 1194 3788 si
1208 3723 1352 3789 statuitur
1371 3744 1445 3809 per-

164 3827 405 3913 pendiculariter
419 3828 574 3915 quadrans
589 3828 706 3907 circuli,
731 3826 890 3895 observari
904 3831 1019 3915 poterit
1032 3829 1164 3894 altitudo
1177 3828 1349 3893 meridiana
1364 3829 1445 3893 side-

164 3936 219 4003 ris.
264 3937 348 4001 Nam
363 3938 551 4003 meridianus
572 3939 731 4023 portiones
755 3939 824 4003 illas
847 3939 1034 4003 circulorum
1048 3939 1199 4025 oeqnatori
1212 3938 1444 4024 parallelorum,

165 4064 236 4129 quoe
259 4065 353 4128 supra
374 4044 567 4109 horizontem
589 4043 726 4108 eminent
748 4058 779 4109 et
801 4045 856 4131 qui
880 4067 969 4109 arcus
990 4040 1097 4108 diurni
1121 4044 1276 4123 dicuntur,
1301 4043 1444 4109 bifariam

164 4164 247 4215 secat
262 4157 332 4237 (per
347 4150 398 4215 El.
415 4152 478 4218 XI.
498 4162 546 4219 19.
562 4164 594 4219 et
608 4164 650 4231 t,
673 4166 705 4217 et
721 4153 770 4216 El.
790 4152 854 4217 Ill.
871 4154 937 4235 30.)
961 4151 1032 4217 crim
1046 4154 1087 4217 sit
1100 4154 1161 4217 illis
1175 4154 1298 4218 circulis
1312 4167 1345 4218 et
1358 4152 1444 4217 hori·

164 4260 248 4325 zonti
262 4283 315 4325 eos
330 4285 420 4327 arcus
435 4262 613 4327 terminanti
632 4261 906 4352 perpendicularis,
922 4275 954 4326 et
967 4276 1133 4347 propterea
1147 4261 1173 4326 si
1186 4262 1220 4327 in
1234 4262 1351 4327 circulo
1365 4284 1443 4349 quo,-

164 4365 241 4432 libet
267 4369 381 4433 diurno
404 4383 565 4434 summitur
588 4382 705 4455 puncta
729 4369 793 4433 duo
820 4369 895 4433 hinc
920 4368 993 4433 inde
1018 4369 1169 4433 orientem
1195 4380 1227 4433 et
1250 4369 1443 4435 occidentem

163 4473 270 4539 versris
284 4500 304 4539 a
318 4476 491 4541 meridiano
505 4476 742 4563 aequidistantia,
759 4464 796 4541 es
809 4488 926 4561 puncta
935 4487 1026 4540 erunt
1036 4499 1131 4561 supra
1140 4477 1333 4541 horizontem
1347 4477 1444 4541 sensi·

165 4582 260 4646 bilem
274 4582 364 4663 aequd
379 4584 451 4663 alta,
468 4596 500 4649 et
514 4582 623 4649 contri
637 4584 663 4649 si
679 4582 767 4670 aequd
782 4582 930 4662 alta'sint,
953 4607 973 4647 a
986 4584 1158 4649 meridiano
1173 4585 1246 4649 hinc
1260 4584 1333 4651 inde
1347 4586 1443 4672 aequi-
