3284 5517
95 408 101 418 ’
136 420 251 483 Lrasn
266 416 448 495 Trarion]
477 408 716 481 Pntncnuu
740 406 1154 475 MATHnMAtht
1368 410 1429 467 ltt'
1523 394 1541 411 ¹

6 585 8 624 ³
44 672 50 679 ,
141 588 864 665 totunmonsacssssadooaaoter
882 598 907 653 >r
926 580 1198 651 osoroartn-
1209 578 1432 647 erectores

139 696 313 762 utoads.
358 693 876 760 EtsadLuttrdtnam.
919 686 1195 775 lamecensis
1222 684 1431 751 Soltssirsd

138 801 202 869 vim
217 806 376 894 gravitatis
390 817 426 870 ut
442 814 456 869 l
475 804 516 869 ad
532 810 713 884 testatae,
728 802 775 867 vis
790 800 894 866 Lunae
908 798 1022 885 eritad
1037 798 1099 875 ¹rim
1113 795 1273 884 gravitatis
1288 808 1323 859 ut
1347 802 1360 860 l
1388 794 1430 858 ad

207 922 221 978 l
291 960 300 976 .

138 922 290 1089 &dudelli
301 1032 329 1088 1.
374 1022 457 1088 Crini
480 1035 561 1111 aqua
585 1026 618 1088 vi
644 1024 727 1091 Solis
748 1006 865 1112 ugitatn'
884 1020 1032 1087 ascendut
1056 1018 1096 1083 ed
1122 1016 1318 1082 altitudinem
1338 1014 1431 1099 pedis

138 1128 231 1193 unius
255 1140 285 1194 et
310 1128 455 1194 undecim
470 1129 641 1218 digitorum
656 1151 727 1194 cum
740 1127 896 1194 tricesimi
911 1140 999 1211 parte
1013 1124 1113 1213 digiti,
1140 1120 1250 1189 eidem
1272 1121 1304 1184 vi
1329 1120 1432 1185 Lunae

6 1241 7 1276 i
137 1233 286 1297 ascendet
305 1234 347 1298 ad
367 1234 563 1299 altitudinem
577 1248 648 1300 octo
661 1236 779 1321 pedum
802 1248 834 1301 et
859 1234 1028 1322 digitorum
1050 1230 1101 1318 ᾗ,
1129 1242 1160 1294 et
1181 1230 1211 1293 vi
1234 1228 1367 1315 utrique
1390 1230 1431 1293 ad

137 1338 333 1403 altitudinem
345 1339 465 1423 pedum
486 1340 595 1405 decem
615 1363 689 1405 cum
702 1341 840 1419 semisse,
867 1352 899 1404 et
919 1340 974 1405 ubi
997 1339 1090 1403 Ltma
1103 1348 1151 1401 est
1166 1337 1200 1399 in
1213 1336 1362 1423 porigam,
1389 1336 1431 1401 ed

137 1444 333 1511 altitudinem
346 1447 465 1532 pedum
480 1447 647 1511 duodecim
667 1468 740 1511 cam
760 1448 887 1511 semisse
909 1458 940 1510 et
960 1445 1053 1522 ultre,
1074 1444 1249 1528 prtcsertim
1265 1442 1320 1505 ubi
1335 1450 1431 1507 aestus

137 1552 238 1615 ventis
259 1552 448 1637 spirantibus
461 1552 635 1639 adjuvatur.
680 1554 785 1619 Tanta
810 1566 914 1617 auum
940 1552 985 1615 via
1010 1551 1051 1615 od
1075 1568 1185 1615 omnes
1210 1550 1306 1615 meris
1327 1562 1431 1615 motus

6 1681 8 1719 ι
136 1658 318 1721 excitandos
332 1656 459 1723 abundi
471 1658 592 1736 sufficit,
616 1672 648 1723 et
668 1659 833 1745 qrmuu‘tati
847 1670 987 1723 motuum
1001 1656 1101 1742 probi
1121 1656 1299 1740 respondet.
1345 1656 1431 1722 Nam

6 1789 8 1810 ²
135 1764 320 1831 inmsribns
335 1767 851 1852 quoe'eborienteinoccidentem
866 1766 928 1831 lete
941 1777 1060 1852 patent,
1075 1766 1121 1831 nti
1132 1766 1165 1831 in
1178 1765 1265 1831 Mari
1281 1764 1429 1845 Picum,

6 1873 8 1936 ὲ
135 1885 168 1939 et
191 1874 292 1940 Maris
307 1877 457 1941 Atlantici
478 1889 511 1942 et
525 1877 701 1963 AEthiopici
712 1877 855 1963 partibus
869 1889 959 1941 extra
973 1876 1118 1961 tropicus,
1137 1894 1218 1961 aqua
1231 1875 1331 1939 attolli
1353 1876 1432 1941 solet

6 2035 7 2040 ,
134 1981 177 2045 ad
201 1982 397 2047 moenem
409 1982 527 2069 pedum
554 2005 620 2061 rex,
645 2004 770 2061 novem,
785 1982 953 2048 duodecim
974 1982 1025 2047 vel
1045 1981 1233 2069 quindecim.
1280 1983 1319 2047 In
1344 1982 1432 2047 Mari

136 2102 240 2154 summ
256 2090 403 2170 Pacifico,
426 2092 511 2178 quod
526 2092 711 2176 profundius
733 2104 781 2157 est
800 2104 834 2157 et
853 2092 945 2156 letius
966 2102 1062 2177 petet,
1086 2104 1180 2155 oestus
1194 2090 1342 2157 dicuntur
1364 2112 1431 2157 ease

6 2223 7 2230 ¹
135 2202 268 2285 majores
283 2199 378 2287 qutm
392 2201 425 2264 in
441 2200 602 2265 Atlantico
614 2215 648 2266 et
662 2194 866 2287 AEtliiopico.¹
901 2202 1027 2267 Etenim
1042 2200 1076 2287 (¹)
1091 2212 1127 2267 ut
1141 2200 1256 2287 plenue
1268 2202 1310 2265 sit
1324 2212 1428 2278 aestus,

6 2333 7 2364 ;
134 2304 268 2370 latitudo
280 2306 378 2370 maris
398 2304 440 2371 ab
460 2308 581 2371 oriente
593 2308 628 2370 in
640 2308 834 2373 occidentem
854 2328 919 2373 non
940 2310 1046 2373 minor
1058 2328 1126 2373 ease
1140 2307 1233 2374 debet
1248 2306 1342 2395 quim
1357 2326 1430 2395 gra-

133 2412 232 2478 duum
246 2412 427 2501 nonaginta.
459 2410 500 2477 ln
514 2413 602 2477 Mari
614 2410 800 2499 AEthiopico
812 2434 957 2479 ascensus
972 2434 1064 2500 εφη
1076 2414 1160 2479 intra
1174 2415 1312 2499 tropicos
1326 2414 1431 2477 nuinor

6 2579 7 2582 ,
133 2530 180 2583 cat
202 2518 296 2604 quint
317 2520 351 2583 in
373 2518 459 2582 zonis
473 2520 663 2604 temperatis,
687 2532 818 2606 propter
833 2522 1008 2609 sngtrsdem
1021 2522 1117 2585 maris
1140 2520 1221 2585 inter
1235 2521 1377 2586 Africam
1398 2532 1430 2584 et

133 2624 299 2688 stutmlem
312 2636 435 2709 partem
456 2625 622 2690 Ameriola.
668 2627 708 2691 In
728 2626 835 2691 medio
848 2627 928 2691 mari
942 2650 1024 2715 equa
1044 2627 1153 2713 nequit
1167 2628 1347 2705 ascendere,
1369 2625 1429 2690 nisi

132 2733 174 2797 ad
187 2734 273 2797 littus
289 2747 456 2821 utrumque
470 2745 503 2799 et
515 2734 666 2799 orientale
681 2744 713 2799 et
726 2736 920 2801 occidentale
929 2736 1023 2802 simui
1032 2736 1222 2801 descendat:
1236 2733 1308 2799 cdm
1323 2748 1428 2799 tamen
1539 2724 1541 2733 ’

132 2844 250 2909 vicibus
277 2846 404 2909 alternis
429 2846 469 2909 ad
494 2846 601 2910 littora
623 2846 677 2909 illa
702 2848 737 2909 ia
764 2848 905 2912 maribus
927 2846 1042 2911 nostris
1071 2846 1211 2931 angustis
1235 2844 1427 2909 descendere

132 2948 252 3014 debeat
290 2949 395 3015 Eride
408 2953 502 3016 camd
513 2952 620 3017 fluxus
632 2965 665 3017 et
678 2954 818 3017 refluxus
833 2956 866 3017 in
880 2954 998 3033 motulis,
1020 2972 1093 3041 quoe
1105 2975 1126 3016 s
1139 2952 1296 3017 littoribus
1309 2953 1427 3039 longis·

132 3056 209 3121 sime
229 3058 352 3135 absunt,
374 3059 564 3147 perexiguus
585 3082 652 3125 esse
673 3060 761 3125 solet
807 3060 847 3125 In
869 3059 1024 3146 portubus
1048 3058 1248 3147 quibusdem,
1270 3059 1326 3127 ubi
1346 3079 1426 3146 equa

131 3182 204 3225 cum
217 3161 336 3247 impetu
357 3185 474 3251 magno
488 3186 546 3248 per
566 3164 636 3229 loca
651 3164 778 3245 vadosa,
801 3165 844 3229 ad
866 3165 952 3229 sinus
973 3164 1103 3229 alternis
1116 3164 1235 3247 vicibus
1250 3164 1425 3249 implendos

131 3280 163 3331 et
183 3266 390 3361 evacuandos,
410 3268 542 3335 innuere
556 3283 590 3335 et
602 3270 729 3340 effluere
743 3273 877 3358 cogitur,
899 3272 1005 3337 fluam
1019 3285 1050 3337 et
1065 3272 1205 3337 refluxus
1221 3270 1337 3337 debent
1358 3292 1426 3340 esse

133 3375 223 3440 rouro
236 3378 382 3462 majores,
404 3378 456 3454 uti
473 3379 513 3443 ed
537 3380 741 3466 Plymuthum
764 3396 796 3447 et
819 3394 949 3469 pontem
965 3382 1163 3469 Chepstowoe
1177 3383 1210 3447 in
1226 3383 1343 3467 Anglia
1352 3407 1362 3458 ς
1384 3382 1425 3446 ad

131 3497 251 3548 montes
281 3487 314 3549 S.
341 3486 510 3554 Michaelis
537 3501 570 3553 et
597 3490 708 3553 urbem
735 3491 1001 3556 Abrincatnmtm
1030 3492 1139 3577 (vulgo
1170 3489 1367 3571 nonde)
1391 3490 1424 3554 in

132 3586 339 3667 Normsnnia3
353 3592 395 3657 ad
407 3593 590 3660 Carnum
604 3608 637 3661 et
651 3596 741 3683 Pegu
754 3597 788 3663 in
804 3596 897 3664 India
908 3596 1072 3663 Orientali
1105 3596 1170 3663 His
1184 3596 1218 3663 iu
1233 3596 1310 3661 locis
1326 3620 1422 3677 mare,

17 3718 24 3725 ·
130 3698 243 3785 magud
257 3724 329 3765 cum
342 3702 504 3768 velocitate
525 3705 704 3769 accedendo
718 3719 750 3769 et
762 3705 949 3783 recedendo,
973 3707 1080 3770 littora
1092 3728 1178 3769 nunc
1193 3705 1326 3769 inundat
1339 3726 1424 3769 nunc

130 3802 217 3869 arida
229 3806 376 3891 relinquit
389 3808 430 3872 ad
444 3810 543 3874 multa
564 3808 717 3877 milliaria.
762 3806 875 3896 Neque
889 3813 1023 3897 impetus
1038 3808 1189 3877 induendi
1210 3824 1243 3876 et
1263 3812 1424 3875 remeandi
1558 3890 1560 3895 ,

128 3910 214 4004 prius
228 3909 330 3998 frangi
340 3924 456 3996 potest,
479 3914 575 4000 qurim
587 3937 669 4001 aqua
682 3916 834 3980 attollitur
855 3916 904 3981 rel
918 3914 1103 4002 deprimitur
1118 3916 1158 3981 ad
1172 3916 1269 4001 pedes
1292 3926 1344 3997 30,
1369 3926 1421 3997 40,

129 4016 177 4080 rel
192 4028 233 4083 50
248 4020 437 4104 etamplius.
481 4019 525 4085 Et
537 4045 597 4107 par
611 4035 659 4085 est
678 4024 759 4086 ratio
773 4022 923 4087 fretorum
939 4024 1148 4111 oblongornm
1169 4034 1202 4087 et
1221 4023 1421 4103 vadosorum,

129 4128 174 4191 uti
196 4113 400 4214 Migelianici
424 4141 457 4193 et
481 4131 547 4214 ejus
572 4154 636 4217 quo
660 4132 779 4218 Anglia
802 4132 1011 4197 circundatum.
1057 4132 1168 4199 AEstus
1186 4134 1220 4197 in
1243 4132 1423 4220 hujusmodi

128 4236 281 4323 portubus
295 4250 328 4301 et
340 4236 427 4301 fretis
440 4258 499 4322 per
512 4239 663 4322 impetum
685 4261 797 4305 cursus
809 4252 841 4304 et
855 4260 999 4305 recursus
1014 4263 1109 4327 supra
1130 4242 1260 4307 modum
1278 4256 1421 4329 augetur.

128 4342 182 4408 Ad
195 4344 301 4411 littora
314 4344 390 4409 verri
404 4368 476 4431 quse
491 4344 644 4411 dcscenru
657 4348 812 4432 precipiti
838 4348 879 4411 ad
904 4364 993 4414 ruore
1006 4350 1198 4435 profundum
1224 4364 1255 4415 et
1279 4364 1421 4437 apertum

128 4516 182 4595 ἔξω
189 4519 244 4570 vet
254 4521 353 4582 mmptis
362 4521 473 4570 hmuraoe
483 4536 635 4569 nummorum
645 4520 756 4587 legeritis·
788 4522 887 4585 grribtn
897 4524 1089 4592 logadthmorura
1101 4526 1194 4585 “bulis
1204 4528 1283 4589 prodit
1294 4528 1311 4577 S
1321 4529 1351 4577 ad
1364 4528 1386 4577 L
1395 4538 1422 4577 ut

128 4596 178 4638 mn,
195 4592 220 4634 et
233 4585 337 4650 quesitis
347 4586 539 4647 respondentibus
550 4585 654 4634 numeris
666 4586 693 4633 in
703 4586 755 4635 rul-
790 4592 801 4635 1
815 4588 846 4635 ad
857 4593 948 4639 mets
958 4590 1143 4651 qsramprozimd

744 4732 773 4782 11
821 4652 879 4716 (¹t·
897 4656 1146 4719 nonnosum
1181 4656 1262 4720 (roo)

785 4739 801 4782 s
