3284 5517
186 353 249 414 916
435 345 703 424 INQUISITIO
725 345 931 412 PHYSICA
953 344 1005 412 IN
1027 343 1223 411 CAUSAM

185 521 292 588 tabula
313 541 408 607 quam
430 517 528 585 celeb.
553 517 676 585 Cossini
696 517 731 583 in
753 515 853 584 Mem.
871 524 965 586 1718.
987 537 1047 602 pro
1068 515 1197 582 diversis
1219 514 1322 579 Lunae
1336 535 1356 578 a
1370 513 1474 580 Terrai

186 627 341 693 distantiis
356 648 396 690 ex
410 627 553 711 plurimis
568 625 836 691 observationibus
854 624 985 690 Brestite
1003 623 1152 688 institutis
1167 621 1302 708 collegit,
1325 620 1398 684 satis
1420 643 1475 685 ac-

186 732 292 799 curate
308 755 380 796 cum
393 731 515 797 theorici
531 731 636 796 nostri
651 732 820 816 conspirat,
844 730 965 796 etiamsi
984 731 1068 794 enim
1080 751 1141 814 pro
1157 729 1250 794 Luna
1263 729 1400 816 perigaea
1414 729 1475 792 mi-

186 866 297 909 norem
311 843 515 907 elevationem
529 865 619 929 aquoe
633 841 760 918 tribuat,
775 838 871 926 quiam
885 841 945 904 ista
957 839 1036 904 ratio
1051 839 1231 925 requireret,
1247 849 1352 902 tamen
1364 835 1474 900 discri-

186 973 261 1017 men
280 950 371 1014 valde
385 963 432 1014 cst
446 950 612 1036 exiguum:
639 949 716 1036 quin
737 948 832 1012 etiam
850 947 940 1012 facte
962 946 1150 1012 concedetur
1165 946 1291 1010 Lunam
1304 945 1473 1032 perigaeam

185 1068 288 1122 totum
308 1079 400 1121 suum
420 1057 565 1121 effectum
585 1077 650 1119 non
671 1067 737 1120 tam
751 1051 814 1118 citd
829 1053 977 1140 consequi
990 1073 1091 1137 posse,
1114 1075 1204 1140 quem
1221 1063 1470 1138 consequeretur,

185 1166 213 1230 si
227 1165 320 1230 Luna
333 1163 486 1250 perpetue
500 1165 535 1228 in
548 1165 688 1252 perigaeo
707 1175 894 1228 versaretur.
938 1162 1041 1227 Aliter
1054 1175 1159 1227 autem
1174 1162 1273 1227 Luna*
1282 1185 1413 1249 apogaea
1426 1175 1474 1227 est

186 1287 375 1360 comparata,
392 1297 464 1362 quae
477 1263 773 1339 ad'diminuendum
787 1285 901 1336 estam
914 1271 1009 1337 maris
1023 1271 1133 1350 tendit,
1149 1269 1220 1335 ciun
1237 1271 1321 1336 enim
1334 1293 1421 1336 mare
1431 1273 1474 1336 ob

185 1388 331 1452 inertiam
352 1397 384 1449 et
405 1369 628 1470 impedimenta
645 1385 750 1468 ipsum
764 1383 805 1446 ad
819 1381 1060 1448 diminutionem
1073 1379 1167 1446 astus
1183 1383 1223 1445 sit
1236 1381 1383 1466 proclive,
1407 1375 1475 1446 sine

185 1493 250 1558 ullt
271 1492 448 1558 resistentib
471 1491 564 1556 Luna
583 1493 618 1556 in
639 1514 771 1578 apogaeo
789 1493 957 1556 constituta
971 1491 1118 1556 effectum.
1130 1511 1221 1554 suurn
1235 1503 1350 1554 exeret.
1396 1491 1475 1554 Huc

186 1602 281 1664 etiam
294 1599 439 1685 pertinet,
455 1599 543 1684 quod
555 1599 672 1683 pariter
685 1597 782 1663 celeb.
800 1598 922 1663 Cassini
937 1621 970 1662 se
984 1599 1164 1665 observasse
1178 1611 1317 1676 testatur,
1342 1599 1475 1663 similem

187 1707 396 1772 differentiam
410 1707 469 1770 etsi
482 1703 585 1772 multo
599 1707 753 1770 minorem
767 1727 786 1769 a
799 1706 892 1770 variis
909 1705 990 1771 Solis
1004 1727 1025 1768 a
1038 1705 1139 1769 Tarni
1155 1707 1308 1770 distantiis
1329 1706 1474 1791 produci,
1568 1759 1575 1770 ,

187 1815 223 1878 id
237 1814 323 1899 quod
338 1827 455 1878 uostrae
470 1813 600 1877 theoriae
614 1833 679 1876 non
694 1812 797 1877 solun
811 1826 860 1878 est
873 1823 1125 1889 consentaneum,
1142 1812 1198 1878 sed
1211 1811 1285 1878 inde
1299 1811 1393 1878 etiem
1405 1815 1477 1900 ipsa

190 1923 347 2010 quantitas
360 1922 456 2007 hujus
469 1921 654 1986 differentiae
667 1932 772 2006 potest
785 1921 919 1986 definiri.

231 2037 256 2112 §.
284 2039 358 2095 110.
390 2028 540 2115 Denique
560 2029 718 2094 decimum
742 2030 974 2114 phaenome'non
997 2054 1064 2098 scae
1086 2033 1177 2098 nobis
1200 2032 1475 2117 contemplandum

189 2139 290 2215 offert,
313 2158 377 2223 quo
397 2137 493 2223 vulgo
515 2136 609 2201 statui
629 2137 709 2200 solet
729 2150 824 2202 aesms
846 2151 910 2202 tam
923 2140 1154 2212 noviluniorum
1169 2139 1265 2226 quim
1287 2142 1477 2225 plenilunio-

183 2234 270 2323 'rum,
294 2243 349 2330 qui
370 2243 556 2329 contingunt
576 2243 660 2305 circa
680 2245 876 2329 aequinoctia,
900 2245 1020 2308 caeteris
1035 2267 1101 2308 esse
1116 2247 1261 2331 majores,
1281 2247 1402 2310 etiamsi
1419 2249 1478 2312 ob-

191 2355 382 2418 servationes
397 2352 479 2415 hauc
493 2351 634 2438 regulam
648 2373 712 2415 non
733 2350 857 2437 penitds
870 2351 1075 2429 confirment3
1098 2354 1301 2438 quamobrem
1315 2354 1478 2418 videamus

191 2459 349 2546 quomodo
364 2470 458 2524 estiis
469 2457 590 2521 caeteris
603 2458 731 2541 paribus
741 2472 938 2545 comparatus
949 2480 1017 2522 esse
1027 2458 1140 2523 debeat
1154 2481 1214 2543 pro
1228 2460 1359 2524 diversis
1374 2461 1478 2524 Lunae

192 2568 461 2633 declinationibus.
506 2568 556 2632 Ac
569 2566 674 2651 primd
688 2567 814 2653 quidem
828 2590 869 2631 ex
882 2567 988 2631 nostri
1003 2567 1124 2631 theoriis
1148 2572 1186 2652 (5.
1202 2569 1267 2649 87.)
1290 2582 1385 2634 aestus
1400 2569 1479 2633 dum

192 2679 286 2743 Luna
306 2679 340 2741 in
361 2689 520 2762 aequatura
541 2691 692 2756 versatur,
714 2680 868 2742 maximos
890 2701 957 2742 esse
979 2699 1043 2742 non
1063 2701 1165 2762 posse,
1188 2681 1250 2744 nisi
1271 2681 1303 2744 in
1323 2679 1400 2747 locis
1418 2683 1478 2746 sub

189 2788 261 2871 ipso
275 2795 433 2870 aequatore
448 2783 534 2848 sitis:
558 2795 652 2869 atque
667 2783 778 2848 eodem
799 2785 870 2849 loco
885 2783 1031 2849 tabellam
1046 2784 1225 2869 adjecimus,
1249 2809 1290 2850 ex
1304 2788 1365 2872 quai
1380 2787 1477 2872 patet,

191 2898 315 2960 cuinam
331 2899 432 2962 Lunoe
446 2898 645 2962 declinationi
660 2891 788 2962 maximi
801 2909 894 2962 aestus
909 2895 1125 2982 respondeant
1171 2895 1222 2962 Ita
1235 2919 1295 2982 pro
1306 2895 1480 2964 elevatione

190 3006 257 3089 poli
289 3005 353 3072 50⁰.
378 3019 473 3071 aestus
498 3006 627 3070 maximi
651 3006 793 3074 incidunt
815 3006 918 3071 Lunoe
940 3005 1140 3070 declinationi
1169 3012 1234 3074 27⁰.
1260 3007 1286 3069 si
1309 3008 1433 3093 quidem
1456 3033 1481 3095 g

191 3124 329 3194 ponatur
349 3143 384 3168 ε
404 3114 442 3195 ,²5
449 3137 459 3190 ς
481 3127 514 3177 at
527 3113 631 3197 posito
646 3135 670 3200 g
687 3145 722 3170 =
734 3114 785 3194 ἧς,
804 3113 889 3199 quod
902 3110 1094 3198 probabilius
1107 3111 1239 3190 videtur,
1255 3114 1362 3197 prodit
1376 3116 1480 3180 Lunae

192 3215 360 3282 declinatio
373 3219 545 3283 maximum
559 3231 669 3283 aestum
683 3220 860 3303 producens
876 3221 998 3285 circiter
1016 3227 1077 3284 16⁰.
1100 3218 1134 3282 id
1157 3219 1243 3306 quod
1256 3219 1388 3284 mirifice
1403 3241 1479 3284 con-

191 3328 278 3391 venit
306 3351 378 3392 cum
406 3329 675 3393 observationibus
705 3329 746 3393 ad
770 3329 876 3393 littora
901 3328 1016 3394 Galliae
1042 3324 1295 3414 septentrionalia
1319 3329 1477 3406 institutis,

192 3433 305 3518 quibus
327 3446 448 3499 constat
467 3437 621 3500 maximos
642 3436 837 3524 syzygiamm
858 3447 951 3499 aestus
971 3435 1129 3498 mermibus
1153 3423 1324 3498 Novembri
1339 3447 1371 3499 et
1396 3435 1480 3500 Feb-

193 3546 299 3608 ruario
321 3546 463 3610 accidere
484 3547 594 3623 solere,
618 3546 730 3633 quibus
749 3547 941 3632 temporibus
963 3546 1057 3611 Luna
1070 3543 1134 3612 fere
1150 3548 1337 3634 assignatam
1361 3549 1486 3617 obtinet

192 3649 441 3716 declinationem.
485 3654 531 3715 At
552 3653 638 3739 quod
659 3651 739 3718 forte
760 3653 806 3716 illi
829 3653 956 3740 regulae,
979 3653 1040 3739 qui
1064 3653 1166 3718 Lunae
1187 3655 1221 3717 in
1235 3667 1395 3742 aequatore
1409 3678 1480 3720 ver-

193 3761 274 3822 santi
294 3760 424 3823 maximi
446 3772 541 3823 aestus
562 3758 697 3824 adscribi
717 3761 806 3838 solet,
830 3781 937 3824 ansam
957 3761 1129 3844 praebuisse
1148 3760 1280 3842 videtur,
1305 3778 1352 3828 est
1366 3763 1478 3832 modus

193 3882 327 3933 aestuum
349 3871 535 3957 quantitates
556 3870 726 3934 definiendi
746 3869 912 3955 peculiaris
934 3891 970 3933 ac
995 3871 1068 3933 satis
1093 3891 1274 3954 perversus3
1295 3871 1368 3938 cdm
1393 3877 1503 3944 enim,

193 3977 358 4042 crederent
370 3977 513 4064 plerique
527 3978 739 4042 observatores
754 3979 854 4044 causis
869 3977 977 4041 alienis
991 3977 1188 4042 tribuendam
1203 4001 1270 4044 esse
1284 3981 1480 4066 inaequalita-

191 4098 265 4165 tem,
290 4092 361 4173 qiue
382 4089 463 4150 inter
482 4087 575 4151 binos
596 4099 690 4153 aestus
705 4089 894 4152 successivos
909 4085 1090 4164 intercedat,
1106 4109 1213 4151 veram
1227 4112 1318 4175 aquae
1333 4088 1480 4154 elevatio·

192 4215 264 4257 nern
288 4194 462 4259 accuratids
484 4194 615 4259 definire
636 4210 709 4261 sunt
729 4195 883 4274 arbitrari,
907 4197 934 4260 si
950 4208 1113 4261 'sumerent
1133 4197 1272 4261 medium
1294 4199 1375 4266 inter
1388 4199 1479 4264 binos

192 4299 297 4362 fluxus
318 4303 518 4367 successivos.
564 4302 662 4378 Quod
683 4303 709 4368 si
730 4316 834 4368 autem
847 4304 909 4368 hoe
923 4305 1018 4368 modo
1033 4305 1147 4392 quique
1163 4318 1257 4372 aestus
1275 4309 1477 4386 aestimentur,

194 4422 262 4472 turn
277 4411 385 4494 utique
399 4412 528 4474 maximi
549 4424 643 4476 aestus
664 4413 698 4475 in
713 4413 899 4499 aequinoctia
913 4413 1050 4478 incidere
1065 4414 1322 4498 observabuntur,
1346 4418 1379 4483 id
1394 4417 1480 4504 quod

196 4518 289 4581 etiarn
312 4531 429 4581 nostrae
455 4519 585 4584 theoriae
610 4521 745 4586 maxime
770 4535 817 4586 est
841 4522 1010 4601 conforme,
1038 4528 1176 4611 exceptis
1199 4537 1321 4592 tantum
1345 4528 1482 4616 regioni-

195 4628 255 4693 bus
276 4627 358 4712 polis
381 4627 590 4696 vicinioribus.
637 4631 718 4696 Cdm
746 4633 830 4697 enirn
853 4633 963 4718 positis
990 4635 1061 4700 sinu
1085 4636 1264 4702 elevationis
1289 4637 1359 4724 poli
1380 4673 1415 4697 =
1441 4635 1480 4717 P,
