3284 5517
486 405 682 478 FLUXUS
703 411 766 476 AC
790 407 1045 476 REFLUXUS
1067 405 1225 474 MARIS.
1437 411 1499 472 265

214 629 253 694 Μ
266 630 296 694 R
311 629 474 717 urgebitur
487 630 519 692 ri
532 659 569 686 =
588 585 731 723 ἵξῃ.
777 627 923 692 Gravitas
937 627 1033 716 igitur
1046 624 1182 692 munst
1197 623 1370 710 augebitur,
1387 623 1413 687 si
1427 647 1501 708 par·

210 795 307 860 ticula
325 794 364 858 M
378 794 479 879 posita
489 794 583 859 suerit
596 795 630 858 in
644 793 679 858 D
694 793 743 857 vel
760 793 800 872 E,
815 793 929 880 quibus
943 793 975 856 in
990 792 1067 858 locis
1081 803 1233 878 punctum
1250 791 1321 856 Sin
1337 789 1499 856 horizonte

212 962 359 1036 apparet3
379 950 424 1013 ibi
438 948 512 1014 verb
525 950 684 1038 gravitatis
697 962 900 1037 augmentum
914 949 972 1014 erit
991 979 1026 1004 =
1042 904 1097 1070 ‘IS-³.
1143 948 1183 1012 In
1204 949 1328 1032 punctis
1348 961 1451 1012 autern
1467 949 1498 1013 A

134 1096 137 1103 Ι
211 1129 244 1182 et
260 1116 299 1194 B,
314 1137 386 1203 quae
398 1127 550 1202 punctum
567 1117 590 1181 S
604 1116 655 1180 vel
675 1117 709 1180 in
724 1138 783 1179 suo
796 1114 901 1179 renitb
914 1114 965 1179 rel
985 1112 1076 1177 nadir
1096 1112 1235 1198 positum
1247 1057 1375 1190 habent,
1398 1114 1498 1176 maxi-

213 1291 300 1334 mum
315 1268 567 1356 deprehendetur
580 1269 740 1356 gravitatis
755 1270 997 1348 decrementum,
1009 1267 1094 1354 quod
1109 1268 1226 1332 scilicet
1241 1269 1299 1333 erit
1308 1220 1346 1324 ·=
1364 1224 1420 1392 {³8
1428 1293 1437 1346 3
1456 1271 1500 1333 ita

212 1449 249 1501 ut
261 1436 434 1501 maximino
447 1435 607 1523 gravitatis
621 1435 867 1512 decrementum,
877 1433 975 1520 duplb
990 1435 1090 1520 majus
1105 1433 1145 1498 sit
1156 1430 1250 1520 quiam
1263 1433 1439 1500 maximum
1449 1434 1500 1498 ia·

211 1600 412 1653 crementum.
458 1587 514 1651 Vis
529 1600 634 1652 autem
648 1587 849 1677 horisontalis
863 1542 997 1639 {gx-p
1019 1587 1156 1650 maxima
1177 1585 1295 1664 evadet,
1319 1586 1346 1650 si
1366 1585 1498 1673 angulus

909 1664 930 1704 a
941 1639 955 1677 ³

212 1755 245 1818 Δ
260 1754 288 1818 C
303 1752 344 1820 M
365 1751 460 1818 iirerit
479 1753 688 1829 semi-rectus,
707 1751 743 1816 id
763 1751 850 1838 quod
870 1750 983 1816 accidit
1005 1751 1038 1814 in
1063 1751 1100 1815 iis
1124 1750 1234 1816 Terrae
1252 1751 1440 1838 regionibus,
1465 1751 1499 1816 io

212 1863 327 1950 quibos
341 1875 493 1947 punctum
515 1863 538 1927 S
557 1861 747 1946 conspicitur
767 1861 817 1925 rel
840 1869 904 1926 45⁰.
919 1859 1069 1946 gradibus
1085 1881 1180 1943 supra
1193 1857 1386 1922 horizontem
1400 1859 1500 1923 eleva-

211 1983 289 2049 tum,
303 1970 355 2036 rel
368 1969 553 2035 tantundem
566 1969 626 2033 sub
641 1967 804 2032 horizonte
818 1966 1002 2051 depressum
1023 1965 1117 2031 latet:
1140 1963 1190 2074 bis
1211 1965 1306 2050 igitur
1320 1965 1442 2028 casibus
1457 1965 1500 2028 ob

212 2149 272 2212 ny
289 2156 323 2182 =
342 2130 363 2208 ᾖ
381 2125 436 2190 fiet
449 2123 495 2188 vis
515 2121 716 2211 horizontulis
733 2151 768 2177 =
787 2077 879 2241 ἐξ.
924 2117 1031 2204 Hujus
1055 2141 1132 2206 ergo
1155 2119 1202 2182 vis
1227 2117 1354 2182 effectus
1379 2119 1412 2182 in
1437 2118 1500 2184 hoc
1573 2098 1578 2108 ,

213 2290 372 2366 consistet,
388 2301 424 2354 ut
437 2288 568 2354 directio
580 2287 739 2376 grammis
752 2298 899 2362 mutetur,
916 2295 1010 2370 atque
1023 2281 1131 2348 versris
1145 2295 1262 2348 rectam
1280 2282 1349 2347 SC
1370 2283 1500 2348 incline-

776 2403 795 2458 s
813 2394 837 2464 S

211 2454 263 2506 tur
277 2440 394 2529 angulo
408 2442 497 2527 cujus
510 2453 641 2528 tangens
654 2452 702 2505 est
714 2465 750 2498 :a
760 2478 859 2558 ff„
876 2437 1028 2501 existente
1039 2407 1113 2500 ¹sinu
1126 2446 1194 2500 toto
1212 2464 1247 2490 =
1263 2443 1292 2513 l,
1309 2435 1382 2520 quia
1394 2437 1499 2522 gravi-

212 2621 309 2672 tatem
323 2607 441 2672 unitate
455 2607 663 2694 designamus.

254 2720 279 2798 5.
294 2723 346 2780 20.
382 2713 447 2778 Hoe
468 2713 572 2800 itaque
592 2713 673 2777 vires
694 2712 721 2776 si
742 2711 816 2776 satis
837 2719 940 2774 assent
961 2727 1094 2794 magnae,
1117 2705 1150 2768 in
1170 2706 1363 2791 ponderibus
1388 2711 1497 2798 utique

210 2819 319 2884 sentiri
340 2817 499 2895 deberent,
522 2840 559 2882 ac
580 2819 667 2902 prior
687 2815 814 2903 quidem
835 2813 1018 2901 gravitatem
1039 2811 1212 2874 naturalem
1235 2811 1285 2876 vel
1310 2837 1427 2902 augens
1447 2815 1498 2880 vel

212 2925 390 2990 diminuens
414 2925 448 2986 in
477 2921 720 2987 oscillationibus
750 2920 959 3006 pendulorum
988 2916 1191 2982 anirnadverti
1217 2917 1355 2997 deberet,
1386 2944 1497 2988 eorum

208 3045 333 3098 motum
355 3031 406 3095 vel
427 3029 629 3096 accelerando
649 3029 699 3094 vel
719 3028 925 3104 retardand03
947 3025 1101 3112 posterior
1116 3024 1191 3090 verb
1206 3025 1252 3090 vis
1268 3027 1361 3092 situm
1375 3031 1497 3114 pendu-

208 3141 313 3207 lorum
334 3142 558 3228 quiescentium
578 3140 758 3205 verticalem
778 3138 819 3202 de
840 3138 902 3202 hoc
924 3137 985 3200 situ
1006 3134 1194 3210 deflecteret,
1225 3147 1319 3222 atque
1345 3137 1386 3199 ad
1410 3138 1497 3202 hori-

208 3265 332 3317 sontem
348 3252 530 3316 inclinatum
553 3249 698 3314 efficeret.
743 3247 902 3322 Quoniam
922 3255 1026 3311 autem
1045 3241 1224 3328 hujusmodi
1244 3245 1496 3331 perturbationes

207 3382 273 3425 non
298 3362 511 3438 observamus,
535 3380 640 3442 operte
662 3356 798 3442 pretium
817 3355 878 3418 erit
896 3350 1031 3416 dilucide
1052 3367 1225 3424 monstrare
1244 3359 1324 3424 vires
1346 3361 1413 3424 illas
1432 3375 1496 3426 tam

207 3491 275 3534 esse
297 3471 436 3559 exiguus,
458 3479 495 3534 ut
514 3467 549 3534 hi
572 3465 699 3534 efferus
723 3485 831 3532 sensus
854 3475 978 3534 nostros
998 3466 1126 3532 omnini)
1147 3469 1306 3556 effugiant.
1352 3469 1495 3534 Primum

207 3622 303 3710 igitur
331 3621 404 3688 crim
431 3645 492 3710 pro
521 3623 596 3689 Sole
625 3624 665 3688 sit
695 3624 720 3688 S
745 3653 780 3678 =
810 3627 939 3691 227512
961 3634 1054 3708 atque
1075 3643 1094 3686 a
1118 3649 1154 3676 =
1177 3629 1294 3699 20620,
1311 3577 1431 3742 σὲῐὶῑξ-3
1454 3651 1490 3678 .-.

207 3796 420 3958 3853ἒ5701ς
449 3857 509 3919 pro
538 3833 631 3900 Luni
656 3845 760 3900 autem
780 3837 858 3921 ‘quia
880 3845 928 3898 est
950 3793 1087 3954 83¹5
1110 3843 1143 3895 et
1165 3853 1185 3895 a
1214 3859 1249 3884 =
1282 3839 1334 3907 60,
1363 3831 1422 3896 erit
1447 3785 1497 3953 ἒ,

209 4064 245 4092 =
262 4005 433 4165 &W
455 4060 497 4103 ex
519 4060 583 4125 quo
602 4038 649 4102 vis
673 4038 776 4102 Lunae
800 4039 872 4124 plus
895 4034 989 4124 quam
1018 4047 1129 4121 qnater
1151 4034 1251 4118 major
1274 4047 1321 4097 est
1342 4035 1376 4097 vi
1400 4035 1495 4116 Solis,

206 4206 328 4272 caeteris
346 4206 492 4292 paribus3
516 4221 609 4294 atque
632 4207 658 4274 ai
682 4207 765 4274 Solis
784 4219 815 4272 et
836 4207 938 4272 Lunae
959 4204 1040 4269 vires
1065 4201 1192 4289 prorstis
1219 4202 1408 4288 conspirent,
1435 4207 1496 4272 erit

590 4321 614 4384 S
783 4327 796 4382 1
1246 4325 1259 4382 1

205 4377 246 4422 ex
277 4356 315 4420 iis
349 4357 538 4442 conjunctim
572 4404 629 4482 Ἠ
655 4386 691 4413 =
713 4408 867 4489 ἷόό-ῇόὂ
885 4379 940 4421 seu
956 4354 1100 4440 proxime
1122 4386 1339 4490 εῇῶδό-ο.
1403 4357 1493 4425 Hine

205 4576 342 4642 maxima
362 4577 523 4665 gravitatis
538 4576 713 4657 diminutio,
737 4547 809 4665 quoe
825 4577 951 4665 quidem
965 4577 1040 4642 o'riri
1055 4541 1179 4664 poterit,
1196 4578 1255 4642 erit
1273 4609 1308 4634 =
1328 4542 1490 4700 εἶθ-ἔδω,
