3284 5517
37 459 44 468 '
158 375 221 436 298
407 365 675 445 INQUISITIO
698 360 904 431 PHYSICA
926 361 978 428 IN
1001 361 1197 429 CAUSAM

155 549 257 616 essen
288 541 375 626 cnjus
398 539 585 605 discriminis
608 538 690 604 ratio
713 536 860 621 exemplo
889 534 1030 620 corporis
1054 531 1185 619 penduli
1210 531 1374 598 commodi
1402 534 1445 597 ob

154 647 263 712 oculos
276 647 353 732 poni
366 659 478 732 potest.
523 645 683 709 Ponsmus
696 644 781 710 enim
795 631 912 728 eorpus
925 641 1098 727 pendulum
1113 639 1146 706 Ο
1161 640 1190 705 C
1204 641 1247 706 ob
1260 642 1444 730 gravitatem

131 751 137 758 ’
155 759 250 824 titum
263 771 372 823 tenens
387 757 574 842 verticelem,
590 779 611 820 a
623 756 655 819 vi
670 755 819 841 quipiam
834 754 868 818 in
882 753 965 819 istus

155 866 328 932 secundvlm
353 866 555 930 directionem
587 863 678 928 CM
708 862 878 927 sollicitari.
924 863 959 926 Si
1053 867 1074 916 ⁰

142 993 240 1041 ‘nunc
260 976 322 1040 hoc
342 975 516 1060 pendulum
531 971 644 1037 inertiri
659 982 789 1048 careret,
806 991 861 1034 seu
876 971 958 1054 ejus-

153 1083 242 1149 modi
256 1095 338 1149 esset
350 1082 477 1160 indolis,
500 1082 588 1166 cujus
603 1099 717 1167 squam
730 1065 883 1144 hactenus
905 1099 958 1142 su-
1023 1079 1029 1082 ’
1126 1083 1128 1090 ⁴

31 1215 34 1221 ’
154 1216 225 1258 mus
240 1191 450 1278 contemplati,
466 1203 532 1256 tum
548 1190 652 1254 subiti)
666 1191 762 1254 situm
777 1190 809 1254 O
821 1188 862 1254 M
877 1189 958 1254 aeci-

153 1313 253 1387 peret,
279 1301 394 1387 inquo
418 1300 487 1364 haec
507 1300 644 1363 viscum
665 1299 818 1386 gravitate
836 1298 956 1384 aequili-

153 1408 259 1474 brium
283 1421 412 1473 teneret.
473 1407 518 1471 At
541 1407 615 1470 edm
642 1407 814 1490 pendulum
844 1405 955 1470 inertil

153 1515 323 1601 proeditum
344 1513 569 1589 consideratur,
591 1527 664 1597 post
683 1511 809 1598 aliquod
830 1510 956 1576 demum
1054 1547 1056 1554 ·

153 1635 278 1709 tempus
292 1623 432 1706 elapsum
446 1622 487 1686 ad
502 1623 596 1686 situm
611 1621 644 1686 Ο
660 1621 701 1686 Μ
719 1622 895 1706 perveniet:
919 1643 956 1685 ac

155 1729 273 1794 deinde
291 1730 364 1816 quia
384 1743 470 1794 motu
486 1729 657 1794 accelerato
671 1729 710 1793 ed
729 1729 889 1817 pertingn't,
912 1729 956 1792 ibi

154 1837 385 1924 conquiescet,
412 1837 466 1902 sed
489 1836 571 1901 ultnl
592 1847 747 1914 excurret,
770 1834 848 1921 putri
868 1839 902 1901 in
924 1835 957 1900 N

155 1967 264 2033 usque,
278 1941 325 2009 its
337 1958 374 2009 ut
388 1946 523 2030 spatium
535 1945 563 2008 C
575 1945 607 2008 N
621 1943 686 2010 ferri
697 1944 738 2009 sit
747 1944 846 2029 duplo
856 1945 955 2030 majus
1018 2014 1039 2064 c

155 2054 256 2140 spatio
286 2053 387 2131 CM,
416 2056 522 2140 prouti
551 2053 688 2118 calculus
718 2052 801 2117 clari
829 2053 956 2117 indicet.
1212 2046 1259 2098 M

156 2161 291 2246 Propter
319 2163 462 2226 inertiam
493 2162 589 2248 igitur
616 2160 788 2245 pendulum
818 2158 956 2246 primrim

154 2267 273 2333 tardiris
294 2271 325 2332 vi
347 2269 524 2334 sollicitanti
546 2270 751 2354 obtemperat,
768 2283 862 2357 atque
877 2293 896 2334 s
911 2269 972 2334 situ
986 2263 1154 2354 aequilibrii
1173 2261 1308 2341 recedit3
1330 2261 1443 2326 deinde

154 2375 230 2449 veri>
255 2377 349 2439 etiem
371 2377 470 2463 magis
495 2375 622 2452 recedit,
648 2378 860 2461 majoremque
888 2375 1106 2440 excursionem
1132 2369 1268 2445 conficit,
1299 2368 1391 2454 qudm
1417 2371 1444 2433 si

153 2484 266 2550 inertis
288 2498 424 2560 carerem
447 2507 518 2571 quae
540 2497 613 2548 sunt
627 2505 673 2548 eae
687 2485 765 2569 ipsae
780 2483 853 2548 duoe
868 2507 927 2561 res,
944 2480 1104 2567 inquibus
1120 2477 1240 2542 theoria
1256 2475 1327 2542 enti
1346 2499 1444 2562 expo-

155 2591 215 2655 site
229 2591 270 2655 ab
283 2591 474 2675 experientiis
489 2589 626 2654 maximi
640 2591 804 2655 dissentire
818 2589 1014 2674 deprehensa
1028 2603 1083 2655 est

197 2703 222 2779 §.
240 2703 291 2765 74.
316 2697 351 2761 Si
365 2719 450 2760 nunc
465 2697 549 2761 istud
563 2697 695 2782 penduli
710 2699 888 2784 exemplum
904 2698 947 2762 ad
962 2711 1105 2762 nostrum
1119 2717 1226 2760 casum
1240 2694 1334 2758 oestirs
1348 2697 1442 2759 maris

155 2807 389 2885 transferamus,
412 2807 516 2892 primi>
537 2809 649 2894 ingens
669 2807 839 2872 similitudo
860 2809 893 2871 in
909 2809 968 2872 situ
993 2807 1123 2893 penduli
1146 2806 1283 2870 verticuli
1305 2828 1343 2869 ac
1362 2817 1443 2869 statu
1560 2807 1564 2811 ’

156 2915 252 2978 muris
267 2914 411 2989 naturali,
427 2935 520 3000 quem
536 2914 656 2978 obtinet
671 2915 797 2977 remotis
811 2915 958 2999 potentiis
973 2913 1120 2990 externis,
1137 2912 1328 2976 observetur.
1359 2912 1443 2975 Nam

154 3019 419 3107 quemadmodum
442 3021 624 3106 pendulum,
649 3021 676 3084 si
701 3022 735 3084 in
758 3043 977 3108 quamcunque
1002 3019 1129 3108 plagam
1151 3019 1192 3084 de
1218 3020 1278 3084 situ
1304 3021 1442 3084 verticuli

154 3129 336 3208 declinetur,
359 3129 488 3215 proprii
510 3129 541 3192 vi
563 3129 722 3217 gravitatis
739 3153 772 3194 se
786 3131 819 3193 in
835 3130 969 3195 eundem
984 3131 1103 3216 recipit,
1125 3131 1169 3194 ita
1189 3130 1281 3194 etiarn
1303 3153 1393 3215 aqua,
1416 3129 1442 3193 si

153 3257 195 3302 ex
210 3235 272 3300 situ
286 3257 343 3300 suo
358 3235 523 3320 aequilibrii
540 3234 724 3320 depellatur,
740 3237 771 3298 vi
785 3229 944 3324 grevitatis
962 3259 994 3299 se
1010 3235 1050 3299 ad
1065 3235 1199 3300 eundem
1214 3237 1384 3319 componit,
1406 3257 1443 3299 ac

153 3359 309 3430 praeterea
321 3344 439 3430 pariter
456 3366 494 3408 ac
516 3343 686 3428 pendulum
703 3343 909 3410 oscillationes
932 3343 1064 3432 peragit,
1088 3343 1261 3429 cujusmodi
1276 3343 1442 3424 osqillatio-

153 3475 232 3518 num
247 3475 337 3517 casus
351 3453 385 3515 in
400 3475 482 3539 aqua
496 3453 651 3517 observati
671 3453 788 3538 passim
805 3455 1005 3535 inveniuntur
1020 3455 1163 3538 expositi.
1208 3453 1333 3518 Deinde
1348 3455 1441 3518 etiarn

155 3559 248 3624 simili
271 3557 375 3634 modo,
400 3580 463 3643 quo
484 3557 667 3642 pendulum,
690 3581 776 3621 mare
792 3558 855 3643 qud
874 3560 974 3646 magis
989 3581 1029 3622 ex
1044 3560 1105 3622 situ
1121 3581 1178 3622 suo
1193 3559 1328 3623 naturali
1349 3557 1442 3622 fuerit

155 3668 364 3744 deturbatum,
381 3665 419 3730 ecl
433 3667 582 3749 majorem
604 3665 733 3730 habebit
747 3667 809 3729 vim
826 3689 893 3730 sese
908 3668 941 3729 in
956 3668 1048 3731 situm
1063 3667 1229 3752 aequilibrii
1247 3666 1440 3730 restituendi.

155 3775 295 3851 Quodsi
316 3775 412 3863 igitur
426 3795 513 3837 mare
527 3795 547 3836 s
561 3773 678 3836 viribus
699 3775 847 3852 externis,
873 3775 954 3839 Solis
976 3775 1144 3838 scilicetne
1159 3774 1271 3854 Lunae,
1288 3797 1362 3838 mox
1378 3777 1441 3842 ele-
1457 3817 1463 3828 ·

153 3894 243 3947 vetur
263 3901 338 3945 mox
359 3863 561 3964 deprimatur,
585 3900 711 3944 necesse
732 3893 780 3944 est
803 3893 839 3944 ut
860 3881 933 3945 inde
955 3895 1057 3945 motus
1072 3881 1276 3945 oscillutorius
1292 3907 1346 3948 seu
1362 3885 1439 3949 reci·

152 4010 267 4075 procus
292 3986 410 4050 oriatur
432 3985 523 4048 aestui
547 3985 641 4049 maris
660 3987 794 4049 omnino
813 3987 929 4064 similis,
954 3987 1007 4072 qui
1029 4001 1133 4050 autem
1155 4009 1212 4072 per
1233 3987 1318 4076 leges
1338 3991 1441 4056 motuis

153 4094 318 4161 difficulter
339 4093 464 4158 definiri
485 4103 579 4178 queat
599 4090 742 4156 accurate
765 4091 912 4179 quidem3
937 4114 1010 4156 narn
1025 4115 1100 4156 vero
1118 4094 1272 4178 proximi,
1294 4095 1355 4162 hoc
1377 4119 1439 4161 non
1567 4178 1570 4184 Ι

153 4203 233 4268 adeo
253 4204 313 4266 erit
333 4201 468 4266 difficile.
513 4199 599 4264 Due
619 4214 724 4264 autem
746 4212 819 4263 sunt
840 4221 900 4277 res,
925 4223 996 4286 quae
1012 4200 1187 4264 absolutam
1210 4225 1246 4265 sc
1270 4203 1440 4288 perlectam

151 4311 247 4376 totius
270 4310 374 4374 motis
398 4309 689 4374 determinationem
719 4309 917 4394 summopere
946 4291 1083 4375 reddunt
1111 4310 1277 4389 difficilem,
1308 4337 1439 4400 quarum

153 4422 249 4487 altera
262 4421 423 4506 physicam
437 4433 565 4504 spectat,
588 4433 682 4506 atquc
697 4422 729 4484 in
745 4421 810 4505 ipsi
826 4420 993 4485 fluidorum
1008 4423 1119 4488 naturai
1135 4425 1283 4504 consistit,
1306 4449 1441 4512 quorum

152 4542 257 4594 motus
285 4527 451 4592 difficulter
478 4528 520 4592 sd
549 4529 704 4592 calculum
733 4543 906 4606 revocetur,
936 4531 1095 4615 praecipui
1124 4533 1150 4595 si
1180 4534 1311 4618 quaestio
1336 4535 1376 4599 sit
1400 4535 1441 4599 de

154 4634 345 4720 amplissimo
373 4627 502 4710 oceano,
533 4635 587 4718 qui
612 4633 679 4697 eliis
708 4636 741 4697 in
770 4635 847 4699 locis
873 4635 1019 4716 elevetur,
1046 4635 1113 4701 eliis
1139 4635 1214 4702 verri
1239 4639 1440 4724 deprimatur.
