3284 5517
229 360 295 419 240
520 352 587 419 DE
610 350 764 418 CAUSA
787 348 993 415 PHYSICA
1016 346 1207 416 FLUXUS

231 526 342 591 eodem
364 525 482 590 circulo
503 524 653 611 aequatori
667 522 816 609 parallelo
829 544 1040 607 perseverare,
1061 521 1112 585 rel
1125 520 1322 586 latitudinem
1336 476 1469 585 eandem
1482 521 1517 585 in

231 638 361 725 singulis
382 637 624 702 revolutionibus
647 656 779 713 servare,
800 647 834 698 et
858 634 1064 697 variationem
1085 630 1231 697 ascensis
1255 652 1356 718 aquae,
1382 653 1454 717 quse
1474 652 1516 695 ex

232 745 334 836 figuti
350 734 554 831 sphaeroidicri
570 745 681 811 Terrae
695 745 848 829 provenit,
864 764 930 806 non
944 741 1187 808 consideramus.

683 960 968 1043 PROPOSITIO
990 973 1068 1039 VII.

231 1173 335 1239 Motus
349 1194 436 1259 aqrrae
450 1174 588 1237 turbatur
604 1195 640 1236 ea
656 1175 801 1257 inaequuli
815 1173 979 1256 velocitate,
996 1168 1056 1254 qud
1070 1191 1197 1253 corpora
1211 1172 1293 1234 circa
1308 1192 1395 1235 arem
1410 1170 1514 1233 Terrae

670 1294 749 1346 motu
763 1284 874 1345 diurno
888 1282 1071 1367 deserentia.

246 1550 253 1567 ι
273 1471 401 1555 Quippe
420 1472 447 1533 si
468 1492 557 1557 squoe
572 1470 669 1535 moles
684 1470 800 1536 seratur
814 1484 903 1551 aestu,
926 1472 976 1535 vel
990 1471 1049 1535 alisi
1064 1471 1105 1536 de
1119 1470 1222 1548 eausa,
1245 1469 1285 1534 ed
1300 1472 1449 1557 majorem
1462 1470 1512 1533 vel

227 1577 382 1640 minorem
396 1576 436 1640 ab
451 1590 608 1661 aequatore
623 1576 809 1655 distantiam,
826 1578 942 1641 incidet
956 1578 990 1641 in
1004 1600 1116 1664 aquam
1128 1576 1247 1641 diversi
1260 1578 1421 1640 velocitate
1430 1578 1513 1641 circa

229 1706 322 1747 axem
344 1684 453 1748 Terrae
475 1684 588 1761 latam3
611 1674 704 1748 unde*
716 1684 935 1781 illiusumotum
949 1686 1070 1749 turbari
1083 1706 1211 1748 necesse
1224 1695 1280 1746 est
1325 1682 1514 1748 Differentia

228 1792 429 1856 velocitatum
443 1793 556 1878 quibus
572 1815 713 1877 corpora,
730 1794 865 1879 exempli
878 1796 989 1881 gratii,
1004 1795 1039 1857 in
1052 1794 1123 1858 loco
1138 1801 1213 1857 50³¹.
1230 1792 1270 1856 ab
1281 1805 1438 1877 aequatore
1450 1792 1513 1856 dis-

228 1899 297 1977 sito,
314 1911 345 1965 et
360 1901 392 1963 in
406 1900 477 1964 loco
500 1911 539 1966 36
562 1900 682 1966 tantum
696 1903 840 1968 milliaria
853 1905 953 1991 magis
969 1902 1076 1969 versds
1096 1887 1338 1987 Septentrionem
1353 1916 1510 1989 vergente,

226 2010 325 2093 major
340 2021 387 2073 est
401 2007 494 2094 quim
510 2008 571 2093 qut
595 2016 613 2077 7
635 2011 778 2075 milliaria
797 2012 927 2101 singulis
941 2012 1027 2077 horis
1042 2012 1279 2091 describeretur,
1301 2025 1337 2077 ut
1350 2012 1433 2076 facili
1449 2010 1512 2075 cel-

227 2119 299 2183 culo
319 2122 448 2205 patebit
495 2119 639 2208 Crimque
660 2136 762 2187 motus
783 2125 877 2189 meris
899 2136 1003 2190 tantus
1023 2144 1247 2209 nonnunquam
1266 2125 1307 2187 sit
1324 2136 1360 2188 ut
1376 2135 1470 2187 estus
1490 2132 1510 2187 6

164 2242 167 2257 ·
225 2225 377 2303 milliaria,
402 2226 451 2290 vel
472 2228 566 2291 etiam
586 2228 678 2313 plura
699 2230 829 2317 singulis
850 2232 935 2297 horis
950 2232 1115 2311 describat,
1138 2232 1266 2297 effectus
1279 2233 1334 2319 qui
1347 2232 1420 2297 hino
1434 2230 1512 2296 oriri

227 2346 358 2417 possunt
372 2356 436 2397 non
452 2348 525 2399 sunt
539 2338 767 2402 contemnendi.

270 2440 305 2505 si
319 2462 400 2525 aqua
414 2439 570 2505 deferatur
584 2464 603 2504 a
617 2442 747 2505 meridie
762 2442 870 2507 versds
889 2446 1131 2530 septentrionem
1145 2458 1233 2509 motu
1253 2445 1392 2533 generali
1405 2443 1509 2523 estus,

225 2544 274 2608 vel
298 2544 357 2608 alid
383 2544 492 2633 quivis
518 2545 558 2609 de
584 2546 686 2625 causi,
713 2570 822 2613 cursus
847 2572 937 2637 aquae
962 2550 1036 2614 hinc
1060 2550 1210 2635 paulatim
1236 2551 1378 2616 deflectet
1402 2549 1510 2617 versis

224 2655 386 2731 orientem,
403 2654 551 2739 quoniam
565 2677 645 2741 aqua
659 2654 746 2739 priris
760 2656 916 2722 serebatur
930 2670 1018 2721 motu
1033 2657 1147 2724 diurno
1161 2657 1267 2721 versils
1282 2657 1364 2722 hanc
1383 2658 1510 2745 plagam

224 2762 335 2846 majori
356 2761 518 2825 velocitate
539 2760 633 2848 quim
654 2775 701 2826 est
723 2786 760 2826 ea
781 2786 852 2849 quae
874 2765 1018 2828 convenit
1037 2765 1108 2829 loco
1129 2765 1228 2852 magis
1251 2764 1357 2829 versrls
1381 2765 1510 2831 boream

224 2866 295 2930 sito.
342 2866 461 2929 Contra
483 2866 509 2929 si
531 2890 613 2952 aqua
633 2891 652 2931 a
674 2870 884 2953 septentrione
905 2868 1012 2934 verstls
1034 2870 1196 2935 meridiem
1210 2870 1377 2949 deferatur,
1401 2894 1509 2937 cursus

192 2984 195 2993 '
227 2998 318 3062 aquae
340 2977 382 3039 ob
403 2976 535 3041 similem
550 3000 674 3042 causam
689 2978 796 3044 versris
811 2980 1004 3045 occidentem
1019 2981 1171 3046 deflectet.
1216 2979 1321 3066 Atque
1333 2981 1408 3046 hinc
1423 2984 1509 3048 varia

224 3082 326 3147 motirs
355 3084 449 3147 maris
476 3084 685 3169 phaenomena
712 3089 788 3152 oriri
821 3090 1023 3174 suspicamur.
1084 3090 1172 3154 Hinc
1202 3089 1339 3169 forsitan,
1371 3094 1509 3177 exempli

222 3195 336 3283 gratuiti,
354 3208 475 3261 montes
490 3197 635 3285 glaciales
650 3222 721 3286 quae
737 3222 776 3265 ex
790 3199 920 3265 Oceano
937 3202 1061 3265 Boreali
1075 3198 1301 3289 digrediuntur,
1317 3199 1508 3287 frequentiis

223 3305 458 3391 conspiciuntur
472 3308 505 3369 in
520 3308 703 3373 occidentali
719 3308 812 3395 quim
826 3310 969 3375 orientali
985 3310 1105 3374 Oceani
1119 3307 1268 3374 Atlantici
1282 3307 1384 3394 plagii.
1420 3308 1508 3385 Quin

221 3430 254 3481 et
274 3420 406 3505 majores
428 3432 521 3485 aestus
543 3419 617 3483 hinc
639 3421 714 3483 cieri
734 3442 827 3505 posse
847 3422 881 3484 in
901 3421 1044 3505 pluribus
1065 3418 1142 3483 locis
1155 3416 1249 3504 quim
1263 3418 1317 3505 qui
1332 3440 1373 3481 ex
1387 3418 1507 3482 calculo

221 3525 335 3589 virium
359 3526 439 3591 Solis
462 3538 494 3590 ct
515 3525 616 3590 Lunae
636 3527 802 3610 prodeunt,
819 3526 924 3592 habita
939 3528 1060 3591 ratione
1074 3524 1254 3603 latitudinis,
1270 3526 1436 3590 verisimile
1449 3539 1505 3590 est.

224 3632 366 3699 Eandem
390 3656 515 3698 causam
539 3635 580 3699 ad
605 3647 714 3699 ventos
739 3638 912 3720 praesertim
937 3636 1182 3701 vehementiores
1210 3636 1441 3723 propagandos,
1475 3650 1507 3702 et

221 3763 448 3828 nonnunquam
463 3743 621 3829 augendos
635 3744 685 3809 vel
698 3744 896 3823 minuendos,
918 3746 1039 3833 aliaque
1053 3759 1120 3809 tum
1133 3747 1213 3811 aeris
1228 3758 1296 3811 tum
1309 3747 1404 3811 maris
1417 3747 1506 3831 phoe-

221 3870 355 3914 nomena
379 3852 585 3935 producenda
610 3853 784 3919 conducere
811 3856 1013 3940 suspicamur.
1068 3856 1131 3922 Sed
1156 3856 1227 3923 hrec
1239 3878 1324 3923 nunc
1348 3856 1505 3945 sigillatim

221 3958 367 4045 prosequi
381 3980 446 4023 non
460 3960 541 4026 licet.
