3284 5517
461 324 662 396 inuitus
683 329 746 396 AC
768 329 1024 400 REFLUXUS
1046 333 1214 412 MARIS,
1410 346 1473 406 825

191 499 337 567 manui
358 499 461 568 Lmae
479 523 539 588 per
557 501 764 571 meridismrm
785 515 833 570 est
853 503 1037 572 tribuendus
1059 502 1113 590 qui
1134 503 1246 570 eodem
1266 515 1407 590 ternpore
1427 507 1473 586 fit,

192 609 249 676 sed
275 611 474 694 precedenti,
503 613 611 697 pronti
638 613 812 680 successiva
839 613 1057 681 retardationis
1085 614 1277 680 incrementa
1307 615 1348 678 sd
1370 616 1475 682 littora

192 715 307 782 Gaffiae
327 727 360 782 et
381 717 484 804 Belgii
497 719 635 784 borealia
648 719 877 789 evidentissime
898 731 1063 785 testantur·
1107 719 1216 795 Quare
1231 720 1257 784 si
1271 719 1360 785 verbi
1373 713 1474 808 gratiis¹

190 826 397 913 Duuksrqure
407 829 476 914 quis
485 827 666 913 hujusmodi
679 829 912 898 obmwationes
922 829 1115 913 perlustrare
1124 827 1267 906 voluerit,
1282 829 1309 893 is
1321 851 1476 916 quemque

187 934 312 999 fluxum
323 957 390 1000 non
402 957 475 1000 com
488 937 620 1004 emunt
642 937 745 1004 Lunoe
754 959 824 1022 ,per
836 937 1044 1004 meridianum
1064 935 1211 1023 proximo
1225 950 1395 1022 comparet,
1417 941 1474 1004 sed

188 1065 262 1109 snm
275 1064 314 1108 eo
331 1045 386 1128 qui
398 1044 627 1130 propemodum
643 1054 684 1110 12
703 1045 791 1114 boris
804 1047 878 1116 ante
893 1048 1026 1136 oondgit
1034 1070 1044 1125 ς
1066 1047 1206 1133 alioquin
1219 1048 1304 1114 euim
1318 1051 1474 1130 contraria

187 1150 396 1236 phenomeua
408 1166 492 1220 esset
504 1154 768 1238 deprehemnrus

67 1332 71 1337 ,
230 1264 255 1341 t.
273 1268 345 1324 loa.
371 1260 564 1328 Commodus
585 1259 638 1330 bio
658 1263 751 1330 uobis
770 1263 932 1348 praebetur
952 1262 1041 1335 locus
1062 1261 1241 1346 explicandi
1265 1264 1430 1328 transitum
1453 1288 1473 1329 a

187 1365 270 1436 binis
290 1367 439 1450 aestubus,
460 1369 517 1457 qul
536 1369 675 1458 quotidie
687 1370 722 1434 iu
735 1369 917 1458 regionibus
931 1381 1021 1434 extra
1034 1368 1167 1432 circulos
1180 1367 1304 1452 polares
1319 1370 1384 1434 sitis
1400 1393 1471 1436 eve-

186 1477 288 1554 niunt,
310 1477 352 1542 ad
372 1476 512 1565 singulos
532 1491 637 1557 estus,
657 1477 714 1563 qni
735 1474 908 1542 secundnm
923 1475 1076 1540 theoriam
1090 1486 1229 1540 nostram
1243 1475 1278 1540 in
1290 1477 1472 1563 regionibus

186 1587 347 1672 polaribus
360 1591 542 1679 confingere
555 1591 680 1656 debent.
724 1590 886 1667 Quoniam
900 1591 984 1654 euim
998 1588 1120 1662 theoria
1134 1601 1242 1653 nostra
1255 1603 1417 1670 monstrat,
1431 1594 1472 1658 'iu
1586 1625 1588 1630 ·

184 1697 273 1761 amris
286 1700 466 1782 temperetis
479 1711 512 1764 et
524 1699 643 1764 torridi
658 1699 798 1786 quotidie
811 1699 893 1766 duos
906 1699 1011 1766 fluxus
1024 1700 1183 1769 observari
1197 1700 1321 1780 debere,
1338 1701 1370 1766 in
1385 1703 1471 1774 zonis

185 1801 307 1891 trigulis
327 1817 434 1870 autern
453 1827 551 1872 nuum
571 1818 704 1884 tentum,
726 1807 870 1872 transitio
891 1805 1054 1874 subitanea
1074 1830 1094 1872 s
1114 1808 1237 1876 binario
1259 1808 1300 1873 ad
1322 1810 1472 1877 ninutem

185 1911 322 1976 maxime
342 1914 494 1979 mutabilis
514 1938 552 1981 ac
572 1916 734 2001 paradoxa
753 1916 854 1982 videri
873 1928 988 2002 posset.
1045 1917 1108 1984 Sed
1127 1919 1211 2004 quie,
1233 1920 1260 1983 si
1280 1921 1384 1988 fluxus
1404 1917 1471 1988 bini

186 2017 353 2088 accessiri
372 2019 455 2090 inter
474 2042 509 2087 se
530 2033 605 2089 sunt
624 2021 804 2106 inequales,
826 2021 966 2088 murus
987 2043 1077 2108 aquas
1092 2045 1147 2088 seu
1161 2024 1298 2088 manime
1312 2023 1471 2107 depressio

184 2126 286 2195 flunt
305 2128 420 2192 minori
439 2141 490 2192 est
508 2128 649 2206 vicinior,
670 2127 736 2194 bini
749 2141 844 2192 esuis
859 2149 984 2214 quoque
998 2129 1163 2197 mooessivi
1185 2131 1306 2197 ratione
1320 2130 1470 2214 temporis

185 2235 268 2303 iuter
281 2258 316 2302 se
329 2248 423 2302 enmt
435 2236 613 2322 inaequale,
635 2237 664 2302 si
682 2236 809 2324 quidem
822 2257 900 2302 voce
913 2235 1007 2302 estin
1021 2237 1231 2326 intelligamus
1244 2249 1366 2304 motum
1380 2257 1472 2322 equae

185 2365 207 2409 a
229 2344 352 2410 summi
375 2344 547 2412 elevatione
571 2345 612 2410 sd
633 2345 729 2410 imam
751 2344 984 2430 depressionem
1007 2367 1116 2431 nsque,
1141 2367 1179 2410 ac
1203 2345 1350 2410 vicissim.
1396 2340 1471 2420 Qut

184 2453 286 2546 magis
300 2455 406 2541 itaque
418 2455 460 2519 ab
473 2466 632 2541 aequctore
640 2452 749 2520 vernis
762 2453 854 2538 polos
868 2453 1041 2531 recedatur,
1055 2451 1095 2517 eb
1108 2455 1208 2538 major
1217 2450 1470 2536 deprehendetur

184 2557 269 2624 inter
289 2559 380 2626 binos
401 2573 497 2627 matus
518 2561 708 2626 successivos
720 2554 925 2646 inaequslites,
943 2558 1015 2626 oiim
1029 2558 1149 2624 ratione
1162 2557 1388 2646 magnitudinis
1402 2553 1471 2620 uim

183 2666 345 2754 temporm
365 2671 470 2755 ‘mjor
494 2669 578 2734 enim
602 2664 719 2734 diruis
743 2667 870 2732 durabit
894 2664 989 2752 quim
1012 2667 1124 2744 minor,
1150 2675 1243 2730 ambo
1269 2662 1345 2730 verb
1375 2661 1470 2728 nmul

184 2779 303 2864 ubique
316 2778 515 2845 absolventis
527 2790 672 2862 tempore
687 2783 727 2840 12
742 2775 901 2854 horarum,
914 2797 985 2842 cum
1000 2779 1061 2842 24¹.
1076 2777 1212 2842 circiter:
1229 2774 1353 2862 quodsi
1365 2774 1470 2860 itaque

184 2886 220 2951 in
233 2907 286 2950 ens
299 2886 442 2981 regiones
457 2907 556 2972 nsque
570 2886 779 2970 perveniatis,
797 2886 832 2948 in
846 2884 957 2971 quibus
971 2884 1065 2949 Luna
1080 2883 1212 2970 utrique
1226 2883 1294 2948 vice
1309 2881 1360 2948 vel
1375 2903 1469 2968 super

184 2991 348 3058 horisonte
368 2991 419 3057 rel
439 2992 499 3066 sub
518 2990 680 3058 horizonte
700 2991 909 3058 meridianum
934 2992 1068 3080 attingit,
1093 3003 1188 3056 estus
1212 2992 1318 3056 minor
1341 2989 1469 3056 omnino

184 3111 356 3179 uanesoet,
379 3099 525 3186 solusque
544 3102 645 3186 major
664 3101 827 3186 supererit,
851 3100 905 3186 qui
925 3114 1049 3184 tempus
1072 3106 1111 3164 12
1131 3098 1165 3164 h.
1188 3101 1250 3162 24‘.
1273 3095 1468 3181 adimplebit.

152 3227 156 3236 ·
186 3209 239 3274 Ex
252 3210 366 3295 quibus
379 3209 580 3295 perspicuum
594 3221 651 3285 est,
667 3209 694 3272 si
716 3208 810 3274 Luna
822 3206 939 3272 hebeat
951 3207 1200 3284 declinationem,
1222 3205 1467 3291 inequalitatem

184 3316 331 3382 binorum
344 3317 477 3384 murum
499 3313 746 3380 suooessivorum
766 3314 808 3378 ad
829 3313 919 3398 polos
934 3311 1111 3378 accedendo
1125 3311 1276 3378 condono
1287 3311 1357 3377 fieri
1371 3311 1468 3396 majo·

184 3445 263 3500 rem,
292 3435 386 3509 atque
413 3421 541 3491 andem
567 3421 722 3494 minorem
749 3421 880 3489 omuino
907 3441 1091 3488 evanescere
1118 3421 1243 3500 debere,
1275 3420 1363 3508 quod
1395 3417 1468 3486 otim

185 3529 297 3607 evenit,
312 3529 380 3592 bini
393 3540 489 3594 cestus
502 3527 537 3592 in
552 3549 652 3594 tinum
665 3528 853 3593 coelescnm.

227 3642 253 3720 t
277 3645 349 3705 109.
380 3636 555 3722 Explicatis
580 3636 744 3702 anomuliis
765 3635 860 3702 oestits
885 3635 979 3700 maris
1003 3635 1181 3711 menstruis,
1204 3635 1402 3720 pervenimus
1426 3633 1468 3698 ad

168 3743 355 3820 ‘anomaliae
370 3765 490 3811 annuns
511 3743 562 3810 vel
582 3745 749 3830 plusquam
762 3765 891 3820 mnuas,
906 3763 943 3808 ao
956 3764 1075 3808 nonum
1090 3743 1216 3830 quidem
1236 3743 1467 3827 pboenomeuon

185 3852 377 3928 desumimus
398 3873 440 3917 ex
460 3852 632 3918 variatione
653 3851 757 3931 estiis,
779 3875 850 3939 quae
864 3876 884 3916 a
896 3851 1026 3918 diversis
1048 3853 1151 3918 Lunae
1165 3877 1184 3917 e
1200 3851 1300 3918 Terrd
1315 3851 1467 3918 distantiis

185 3959 404 4044 proficiscitur.
449 3961 666 4028 Observantur
679 3961 765 4026 enim
778 3973 873 4026 aestus
886 3960 1002 4048 ubique
1015 3963 1147 4046 majores
1161 3963 1270 4026 ceteris
1285 3961 1422 4046 peribus,
1433 3960 1468 4027 iu

165 4112 169 4121 ι
185 4069 297 4144 iisdem
319 4070 437 4136 scilicet
456 4071 658 4138 luminarium
672 4071 847 4156 aspecubus
860 4069 1032 4157 iisdemque
1045 4069 1311 4148 declinationibus,
1327 4071 1354 4134 si
1376 4068 1469 4133 Luna

185 4179 221 4244 in
249 4199 307 4245 suo
334 4178 473 4265 perigmo
502 4191 651 4258 versetur,
682 4180 820 4244 minores
848 4177 934 4256 verb,
965 4177 1057 4242 Lunt
1085 4178 1119 4242 in
1148 4199 1280 4265 epogoeo
1307 4179 1467 4244 existente.

187 4283 326 4372 Egregie
341 4297 447 4360 autem
466 4283 537 4350 haec
552 4286 741 4352 conveniunt
754 4301 827 4351 cum
840 4283 947 4350 nocet
962 4283 1091 4362 theoni,
1114 4284 1175 4370 qui
1190 4285 1469 4350 demonstravimus

188 4391 295 4464 Lunae
316 4392 399 4458 vires
419 4391 462 4457 ad
482 4413 569 4458 mare
590 4392 781 4459 movendum
800 4391 979 4458 decrescere
999 4392 1032 4456 in
1052 4391 1206 4476 triplicati
1220 4393 1340 4460 ratione
1354 4395 1470 4460 disten

189 4497 304 4562 tiorum
326 4498 429 4563 Lunae
450 4521 470 4562 a
491 4498 610 4564 Tetri:
634 4497 760 4586 quodsi
779 4499 876 4588 igitur
892 4498 984 4562 Luna
998 4509 1136 4562 versetur
1150 4499 1183 4562 in
1197 4500 1345 4588 perigoeo,
1365 4501 1470 4566 fluxus

189 4604 350 4670 debebunt
363 4629 431 4672 esse
444 4607 589 4692 majores,
604 4605 698 4692 quim
710 4606 738 4669 si
753 4605 846 4670 Luna
860 4625 1025 4692 apogaeum
1035 4617 1175 4690 occupet.
1211 4607 1368 4674 Praetenee
1377 4607 1470 4671 etiam
