3284 5517
135 398 457 477 berthunus]
475 394 717 465 PRINCIPIA
740 394 1111 463 MATHEMATICA.
1371 389 1414 448 4⁷

362 708 645 774 PROPOSITIO
668 707 761 772 XIV.
808 707 1080 785 THEOREMA
1102 710 1196 774 XIV.

501 882 623 945 Orbium
637 883 761 964 apiaria
775 891 805 945 et
818 884 892 947 nodi
905 884 1065 965 quieseant.

185 1064 321 1151 Aphelie
335 1063 506 1150 quiescunt,
521 1088 579 1151 per
596 1065 691 1150 Prop.
708 1064 772 1129 XI.
790 1065 862 1129 Lib.
878 1065 905 1129 I.
921 1075 1002 1129 utet
1015 1064 1136 1128 orbium
1151 1065 1254 1148 planu,
1270 1086 1328 1150 per
1342 1061 1423 1151 ejus·

142 1175 216 1240 dem
230 1174 321 1239 Libri
343 1174 439 1258 Prop.
463 1175 490 1239 1.
512 1187 544 1239 et
564 1174 791 1261 quiescentibus
812 1173 914 1257 planis
935 1173 1098 1258 quiescunt
1111 1172 1197 1237 nodi.
1242 1174 1391 1237 Attamen
1405 1196 1425 1237 e
1445 1165 1448 1172 ¹

141 1280 338 1365 planetarum
351 1279 575 1343 revolventium
590 1278 629 1363 (¹¹)
642 1292 673 1343 et
687 1291 879 1343 cometarum
892 1279 1066 1343 actionibus
1079 1279 1114 1341 in
1126 1294 1162 1341 'se
1174 1279 1307 1343 invicem
1321 1280 1425 1343 orien-

144 1400 196 1451 tur
210 1384 433 1470 inaequalitates
448 1385 570 1470 aliquoe,
587 1384 643 1449 sed
657 1406 728 1470 quae
743 1384 785 1447 ob
799 1384 984 1467 parvitatem
997 1383 1050 1448 hic
1063 1386 1219 1448 contemni
1232 1400 1373 1469 possunt.

190 1497 289 1583 Corol.
308 1503 335 1559 l.
360 1494 535 1575 Quiescunt
548 1494 642 1559 etiarn
656 1490 753 1557 stellae
767 1492 851 1569 fixoe,
868 1505 1035 1577 propterea
1048 1493 1133 1578 quod
1148 1492 1236 1557 datas
1249 1493 1291 1557 cd
1304 1493 1429 1578 ophelis

144 1604 317 1691 modosque
331 1605 499 1689 positiones
515 1614 649 1668 servunt
1282 1614 1283 1617 ’

192 1716 292 1779 Corol.
306 1724 336 1778 2.
352 1713 492 1801 Ideoque
508 1713 541 1797 (Ι)
557 1712 629 1779 cdm
643 1712 730 1775 nulls
744 1710 783 1775 sit
798 1730 906 1775 eurum
919 1710 1086 1794 pmullsxis
1100 1711 1252 1776 sensibilis
1265 1732 1307 1774 ex
1317 1710 1429 1776 Terrae
1479 1741 1481 1748 ·

145 1833 236 1887 motu
259 1844 363 1887 annuo
389 1821 531 1899 oriundi,
559 1821 640 1885 vires
663 1840 770 1884 earum
791 1818 835 1883 ob
854 1820 1036 1883 immensum
1061 1842 1228 1904 corporum
1252 1821 1430 1885 distantium

180 2014 217 2077 (¹²)
241 2018 254 2045 ⁸
278 2018 311 2063 Ee
338 2026 478 2065 comesurum
501 2019 634 2066 omimium
681 2014 773 2063 Eodem
805 2014 860 2063 tic·
874 2014 945 2076 pleno
959 2015 990 2063 sd
1006 2016 1136 2065 disuntim
1151 2016 1279 2079 quemlibet
1289 2016 1429 2080 cmstitutst

146 2092 242 2138 prorsus
252 2078 322 2125 modo
331 2094 379 2141 quo
390 2080 489 2139 pleneus
499 2081 523 2127 in
534 2096 559 2128 se
569 2080 669 2127 invicem
684 2088 772 2142 eguntr
805 2080 836 2127 sit
851 2082 874 2126 A
888 2080 911 2127 B
924 2080 944 2127 C
957 2080 982 2127 D
998 2080 1060 2127 orbis
1071 2094 1170 2134 snnuus,
1187 2090 1333 2142 ponaturque
1349 2079 1432 2127 Tellus

148 2150 212 2201 patet
230 2156 322 2203 quoque
339 2153 439 2191 cometes
457 2144 483 2189 in
504 2144 562 2191 alios
582 2144 686 2205 planetus
704 2156 773 2205 egere
805 2140 909 2204 primum
919 2143 945 2188 in
960 2142 1012 2190 looo
1023 2145 1055 2199 A,
1071 2143 1219 2204 deindd.post
1228 2159 1267 2191 ser
1278 2158 1369 2190 menses
1379 2157 1431 2202 per-

148 2204 280 2265 similesque
296 2204 391 2251 cll'ectus
406 2200 592 2267 producere‘sed
602 2205 658 2254 edm
668 2208 774 2255 obruss-
805 2206 884 2253 veulst
897 2206 928 2253 sd
944 2206 1023 2254 locum
1041 2208 1061 2255 C
1078 2208 1103 2253 in
1116 2207 1267 2269 quodistets
1281 2206 1333 2254 loeo
1346 2208 1369 2253 A
1381 2204 1432 2253 toti

148 2268 225 2315 tiones
240 2267 398 2317 astronomicis
413 2270 690 2331 ostendentspbelionrm
702 2267 774 2315 nodo·
807 2268 920 2316 diametro
938 2272 999 2317 orbis
1017 2270 1105 2329 snnui3
1129 2272 1173 2317 boc
1191 2279 1232 2322 est.
1252 2276 1331 2317 20000
1353 2272 1433 2316 'lcum

149 2345 250 2391 rumque
260 2342 350 2397 motum
363 2348 411 2379 esse
421 2334 587 2390 surdissimum,
598 2336 629 2382 ob
639 2333 774 2393 parvitatem
806 2331 925 2380 dismetris
940 2334 1036 2391 c‘sciten
1052 2334 1086 2382 iti
1099 2344 1127 2383 ut
1136 2333 1217 2397 sngssli
1233 2333 1254 2381 F
1267 2334 1284 2380 S
1297 2334 1328 2389 A,
1346 2335 1368 2381 F
1380 2334 1398 2380 S
1409 2332 1431 2379 C

150 2394 267 2441 contemni
283 2404 380 2453 possunt
393 2396 559 2459 insequulitstes
568 2412 621 2458 quse
631 2410 660 2443 ex
671 2396 775 2455 plsnets·
807 2395 855 2443 sint
864 2396 927 2453 ηειὶ,
938 2396 1004 2444 stelle
1017 2396 1076 2445 Fer
1088 2398 1183 2445 Tellure
1193 2399 1217 2443 A
1228 2396 1277 2443 viss
1285 2395 1433 2457 respondebit

150 2472 204 2503 rum
219 2468 243 2503 et
256 2468 399 2507 cometarum
410 2460 539 2509 senonibus
548 2460 574 2506 in
584 2476 609 2509 se
619 2458 719 2507 invicem
730 2457 775 2507 ori-
807 2468 896 2521 puncto
908 2460 939 2515 Ε.
950 2460 1015 2522 qood
1024 2461 1054 2508 sd
1063 2461 1197 2509 desudem
1208 2460 1323 2509 infinitam
1333 2476 1348 2508 s
1359 2457 1434 2509 Tarsi

151 2530 231 2567 untur.
807 2522 921 2571 moveri
936 2524 1082 2584 supponitur.
1119 2524 1212 2572 Deindsl
1227 2524 1309 2571 erdem
1322 2524 1389 2571 stells
1402 2524 1434 2568 ob

185 2582 240 2646 (¹)⁸
254 2586 293 2631 'li-
308 2586 366 2633 Cslm
376 2588 709 2649 midositeosumpmuiioris.
744 2585 775 2631 ln
807 2596 900 2633 motum
911 2586 1150 2635 TerresbAsessus
1159 2588 1189 2643 Β,
1200 2588 1308 2649 progredi
1318 2587 1434 2635 ridebitur

150 2646 273 2706 hypothesi
294 2647 372 2696 Terris
390 2660 468 2707 moue,
489 2650 660 2712 quiescentibus
683 2648 736 2695 Sole
753 2656 777 2695 et
808 2652 838 2699 sb
850 2650 873 2696 E
884 2649 964 2697 versds
977 2650 1008 2708 6,
1019 2650 1093 2698 donec
1105 2651 1201 2699 Tellure
1211 2643 1359 2725 punisiente
1368 2650 1399 2697 sd
1412 2650 1432 2697 C

151 2710 234 2768 stellis,
257 2709 340 2759 Tellus
356 2713 472 2778 integram
492 2712 660 2764 revolutionem
681 2708 778 2759 obsolvit
809 2714 876 2760 stt-lis
885 2712 990 2760 videatur
1000 2714 1025 2759 in
1033 2714 1069 2771 H,
1075 2714 1163 2762 distans
1172 2714 1259 2761 scilicet
1268 2730 1282 2761 e
1292 2714 1344 2761 loro
1354 2714 1434 2776 inquo

701 2816 705 2833 ,
810 2787 865 2825 unte
875 2780 1165 2837 sexmcnsesserubsttu,
1182 2786 1298 2827 mwsscu
1309 2779 1333 2826 E
1345 2778 1381 2835 H,
1392 2792 1435 2825 cu·

806 2840 848 2903 jus
865 2855 975 2887 mensure
992 2850 1027 2888 est
1046 2841 1147 2903 ungulus
1165 2842 1188 2889 E
1201 2840 1221 2889 F
1234 2842 1260 2888 Η
1275 2842 1315 2889 sel
1335 2846 1357 2889 A
1372 2843 1391 2890 1²
1404 2843 1431 2889 C.

811 2903 895 2965 Hujus
905 2902 985 2967 snguli
996 2904 1096 2952 ιευίιὶι
1107 2908 1132 2952 Δ
1146 2905 1166 2952 Ρ
1184 2906 1210 2962 S,
1220 2915 1257 2952 est
1266 2906 1388 2966 psrallsris
1397 2920 1435 2952 or-

810 2967 847 3015 bis
856 2966 928 3014 snnui
938 2982 967 3013 ex
980 2968 1058 3015 Terra
1067 2977 1133 3015 motu
1144 2983 1223 3015 sunuo
1233 2970 1340 3017 oriunda.
1370 2970 1435 3017 Dato

738 3044 741 3051 ¹
811 3039 890 3141 cr
899 3029 1319 3152 v..

961 3109 976 3141 s
1128 3110 1167 3149 ,ss
1279 3110 1344 3143 unm

814 3159 838 3205 A
851 3157 871 3203 F
884 3156 949 3213 aad
959 3157 1036 3204 sinum
1047 3167 1130 3214 mmm,
1145 3156 1179 3205 iot
1191 3158 1214 3205 A
1228 3158 1245 3205 S
1254 3112 1437 3206 ωωί-(Ιίιῗιξῖοῐ

812 3221 874 3269 orbis
887 3218 967 3277 moui,
983 3236 1037 3282 quse
1046 3230 1081 3269 est
1093 3227 1172 3271 100oe
1181 3221 1346 3276 summorum
1358 3222 1438 3269 Tem

811 3284 901 3331 circiter
919 3282 950 3329 sd
968 3284 991 3331 A
1004 3284 1033 3331 F.
1066 3285 1122 3334 Jsm
1141 3283 1196 3332 verd
1211 3295 1275 3347 patet
1290 3301 1318 3333 ex
1336 3285 1438 3333 Telluris

813 3361 893 3395 sunno
907 3356 973 3393 motu
988 3348 1043 3395 oriri
1059 3348 1144 3396 debere
1156 3348 1327 3396 morlstionem
1340 3348 1437 3396 llssrurn

813 3410 875 3457 iuter
882 3426 907 3457 se
915 3410 1026 3469 psrsllsri
1032 3412 1156 3473 duplicatis
1165 3413 1254 3460 circites
1259 3414 1380 3475 equitem.
1403 3412 1439 3459 At

814 3474 888 3521 stellis
903 3473 1001 3535 majores
1011 3484 1035 3522 et
1044 3476 1276 3537 propioresrespeetu
1283 3476 1438 3538 ,nuntiorum

813 3552 868 3599 qum
875 3536 1050 3597 telsscopiorum
1057 3554 1101 3601 ope
1107 3538 1219 3587 duntsrst
1226 3540 1327 3600 conspici
1335 3548 1438 3599 possunt,

814 3600 902 3647 moveri
912 3615 961 3647 non
972 3603 1127 3650 obsensntur.
1163 3603 1238 3650 Nulla
1248 3613 1283 3650 est
1293 3604 1371 3665 itaque
1383 3602 1439 3649 lisa-

815 3678 870 3710 rum
885 3663 1007 3723 psrsllsxis
1022 3666 1135 3713 sensibilis
1150 3682 1179 3713 ex
1195 3668 1349 3723 Terrsekurotu
1361 3679 1440 3712 snnuo

816 3726 922 3784 oriunda,
935 3725 1034 3789 ideoque
1044 3729 1157 3777 immensu
1168 3739 1202 3776 est
1212 3729 1309 3777 lissrum
1320 3746 1336 3776 s
1344 3727 1440 3777 Tellure

816 3789 931 3837 distantis.
979 3790 1032 3839 sive
1052 3803 1132 3841 sutem
1151 3794 1224 3841 Tem
1244 3802 1371 3845 moventur,
1393 3789 1441 3839 sivi
1510 3823 1512 3826 -

818 3854 927 3915 quiescat,
938 3854 1015 3903 stelles
1025 3855 1083 3903 lixss
1092 3856 1212 3904 immensis
1221 3856 1346 3903 intervallis
1356 3871 1371 3903 s
1382 3855 1439 3903 Ter-

817 3916 846 3963 ris
864 3916 948 3965 distare
964 3919 1117 3967 cestinimum
1132 3930 1173 3975 est,
1189 3936 1244 3967 nsrn
1254 3918 1388 3980 paullatim
1399 3933 1441 3965 sn·

818 3994 891 4026 norm
908 3982 1000 4032 minuto
1015 3984 1092 4043 primo
1108 3984 1179 4047 longe
1197 3983 1311 4031 minorem
1324 3999 1373 4030 esse
1387 3996 1443 4029 con-

819 4044 924 4091 sentiunt
933 4060 1014 4093 omnes
1029 4048 1162 4094 sstronomi.
1198 4046 1326 4109 Fingamus
1337 4042 1391 4093 verb
1401 4060 1444 4092 su·

820 4122 893 4153 nuum
910 4108 964 4155 fissa
977 4110 1075 4172 alicujus
1088 4110 1232 4171 proximioris
1246 4108 1380 4169 parsllsrim
1396 4124 1445 4156 esse

820 4169 892 4218 unids
901 4172 987 4219 minuti
997 4174 1073 4233 primi,
1090 4189 1105 4220 s
1120 4173 1215 4220 Tellure
1225 4174 1318 4220 disubu
1328 4172 1395 4220 stells
1405 4173 1446 4219 ills

822 4238 887 4283 star
898 4236 1083 4283 semi-diametris
1097 4236 1177 4285 orbitis
1186 4252 1257 4299 quam
1268 4236 1377 4283 describit
1388 4236 1447 4283 Ter·

822 4312 855 4355 rs,
868 4298 982 4360 siquidem
992 4300 1057 4346 sinus
1066 4300 1137 4346 unius
1145 4300 1229 4347 minuti
1236 4310 1270 4346 est
1280 4300 1310 4347 sd
1321 4299 1411 4346 rudium
1420 4308 1447 4346 ut

825 4366 836 4409 1
850 4360 880 4408 sd
891 4366 962 4419 3437,
979 4370 1002 4410 et
1021 4362 1228 4410 rhemi-diameter
1238 4364 1318 4410 orbius
1329 4366 1358 4409 sit
1369 4368 1449 4411 sooeo

166 4426 242 4489 specio
260 4430 299 4473 23.
310 4424 361 4469 bor.
375 4419 419 4469 56¹.
433 4417 468 4466 4⁴¹.
482 4418 578 4478 οἰκίων,
597 4430 621 4472 st
637 4426 698 4474 circs
714 4426 791 4475 Solem
824 4425 1315 4480 semi-diametrorumTerroe,sdminimum
1322 4432 1450 4475 68740000

167 4488 293 4537 revolvitur
310 4484 382 4533 unius
400 4484 456 4531 enni
475 4483 611 4544 intervallo;
633 4490 792 4552 oirnrlumque
826 4488 906 4535 Terra)
918 4488 992 4549 ipsius
1007 4489 1193 4537 semi-diametris
1206 4490 1300 4539 distabit
1309 4492 1356 4539 su
1366 4507 1380 4538 s
1392 4488 1449 4539 Tel·

167 4551 276 4600 describit
292 4549 333 4613 qui
350 4547 454 4609 ecliptica
464 4547 502 4593 vel
516 4549 577 4596 orbis
588 4566 680 4601 annuus
690 4554 792 4615 sppells-
825 4550 884 4599 lure.

169 4626 207 4663 tus
252 4614 348 4696 Referu
360 4612 376 4660 S
389 4612 474 4670 Solem,
485 4611 516 4659 sit
528 4612 548 4661 F
559 4614 625 4664 neus
634 4616 680 4665 iss
689 4616 714 4663 in
725 4616 795 4678 eclip·
847 4620 885 4664 ¹13.
895 4615 1202 4683 Christisanugenimin
1209 4619 1387 4669 Cosmotlseorioe
1395 4619 1448 4668 Lib.

790 4699 838 4748 Tit
1493 4710 1496 4716 '
