3284 5517
395 376 585 448 FLUXUS
607 379 668 446 AC
695 379 948 449 REFLUXUS
969 381 1128 448 MARIS.
1186 365 1191 370 ’
1336 384 1412 452 817.

143 657 304 736 Horoeport
317 653 445 716 Flam
500 656 742 718 cammaro
753 657 899 716 mimalia.
946 652 1370 716 CeleritarMmirlrcriaontalis.

294 833 315 888 0
453 903 456 906 ἦ
556 833 654 901 0,000
668 821 839 888 descendit.
1005 829 1098 898 1‚067
1114 821 1146 883 in
1162 841 1314 887 occasum.

296 919 311 973 l
556 919 654 987 0,500
668 908 837 973 descendit
1002 915 1098 986 0,927
1113 906 1145 969 in
1161 929 1314 973 occasum.

295 1004 316 1060 2
556 1005 653 1072 0,860
668 995 838 1060 descendit.
942 1069 944 1078 Ι
1002 1001 1098 1072 0,667
1113 993 1145 1056 in
1160 1017 1312 1060 occasum.

295 1093 315 1148 8
558 1092 653 1160 1,000
667 1081 837 1148 descendit.
1000 1090 1097 1157 o,067
1113 1081 1145 1143 in
1160 1102 1311 1148 occasum.

292 1177 314 1232 4
556 1179 653 1247 0,860
667 1169 837 1232 descendit.
985 1176 1097 1244 ·0,432
1113 1167 1145 1229 in
1159 1180 1272 1233 ortum.
1373 1231 1381 1244 ,

294 1263 314 1320 5
556 1265 653 1334 0,500
667 1255 837 1321 deseendit.
1000 1261 1096 1332 0,792
1111 1253 1143 1316 in
1158 1265 1270 1318 ortum.

293 1433 313 1494 7

292 1521 311 1577 8

555 1351 653 1419 0‚000
667 1341 816 1405 ascendit.
1000 1349 1097 1417 0‚982
1113 1341 1145 1404 in
1159 1359 1270 1405 ortum.

434 1423 439 1430 ’
554 1437 652 1504 0,⁵oo
667 1427 815 1492 ascendit
1000 1433 1097 1502 arsa
1112 1425 1145 1488 in
1160 1437 1272 1490 ortum.

554 1523 652 1592 0,860
666 1514 815 1577 ascendit
1000 1513 1271 1589 0,482in01tum.
1327 1521 1331 1531 “

292 1609 312 1663 9
557 1609 652 1676 1‚000
666 1599 815 1663 ascendit
998 1605 1094 1675 0,067
1110 1599 1143 1661 in
1157 1621 1310 1663 occasum.

272 1693 312 1749 10
554 1696 651 1764 0,860
666 1686 814 1752 ascendit
998 1693 1093 1763 0,567
1109 1687 1143 1750 in
1158 1707 1310 1750 occasum.

272 1779 308 1834 ll
555 1782 652 1849 0‚500
666 1772 814 1836 ascendit
998 1779 1093 1848 0,927
1110 1773 1143 1835 in
1156 1794 1310 1837 occasum.

269 1864 309 1920 12
482 1899 490 1916 ·
555 1857 834 1936 0,000descendit.
928 1921 933 1931 ,
1000 1859 1310 1937 l,067inoccasum.

115 2071 220 2138 Facile
234 2083 337 2137 autem
350 2073 533 2162 intelligitur
548 2096 609 2160 pro
617 2075 801 2164 regionibus
815 2074 856 2140 ab
870 2087 1027 2162 [aquatore
1041 2077 1177 2154 remotis,
1193 2073 1352 2161 praecipue
1366 2075 1394 2140 si

115 2182 209 2247 Luna
221 2180 335 2247 habeat
345 2181 593 2263 declinationem,
603 2196 672 2248 tum
682 2197 849 2272 utrumque
863 2197 982 2252 motum
992 2186 1091 2274 magis
1102 2185 1167 2250 lore
1181 2185 1393 2274 irregularem,

112 2299 205 2372 atque
225 2309 301 2351 mox
321 2309 483 2352 ascensum
503 2285 594 2354 citiirs
614 2289 735 2354 absolvi
754 2312 831 2354 mox
853 2289 928 2354 verb
949 2290 1151 2368 descensum3
1181 2303 1266 2356 totus
1287 2302 1393 2355 autem

114 2406 218 2460 motus
232 2393 351 2461 facilids
365 2417 407 2460 ex
426 2395 501 2480 ipsis
516 2395 658 2460 formulis
671 2396 752 2461 datis
766 2407 982 2484 cognoscetur.
1028 2396 1095 2462 Hic
1109 2397 1244 2482 denique
1265 2395 1395 2482 profun-

114 2501 243 2567 ditatem
266 2502 382 2588 ubique
405 2502 537 2568 eandem
559 2504 739 2587 posuimus3
770 2501 856 2590 qubd
879 2504 906 2566 si
929 2503 1012 2567 enirn
1035 2513 1116 2566 esset
1135 2501 1268 2580 diversa,
1285 2515 1396 2566 motus

115 2613 316 2680 horizontalis
329 2615 422 2679 simul
435 2616 588 2682 rationem
601 2615 754 2680 inversum
769 2613 988 2699 profimditatis
1002 2613 1129 2679 tenebit.

145 2729 184 2807 -§.
199 2731 252 2791 97.
281 2724 428 2810 Denique
449 2737 616 2811 antequam
635 2725 697 2789 hoc
713 2725 818 2812 Caput
832 2724 986 2804 finiamus,
1011 2725 1114 2790 notari
1136 2735 1269 2810 oportet,
1294 2743 1397 2809 neque

114 2829 268 2896 maximos
288 2843 382 2895 estus
403 2831 440 2894 iis
459 2832 534 2916 ipsis
555 2833 749 2917 temporibus
770 2833 894 2901 evenire
913 2854 1015 2918 posse,
1039 2833 1151 2919 quibus
1166 2833 1246 2896 vires
1267 2832 1348 2898 Solis
1366 2842 1399 2895 et

117 2939 220 3004 Lunae
240 2940 376 3005 maxime
397 2942 512 3028 vigent,
534 2964 594 3006 nec
614 2942 760 3006 minimos
780 2955 876 3008 aestus
891 2955 967 3021 tum,
991 2940 1062 3007 crim
1076 2943 1122 3006 vis
1137 2967 1156 3007 a
1171 2942 1264 3007 Luna
1278 2953 1310 3006 et
1324 2940 1398 3007 Sole

116 3057 191 3110 nata
204 3057 252 3111 est
265 3046 463 3124 debilissima,
486 3047 543 3111 sed
563 3048 721 3134 aliquanto
741 3045 869 3113 tardius.
914 3047 1024 3114 AEstirs
1039 3049 1121 3113 enirn
1132 3047 1319 3136 magnitudo
1332 3066 1397 3111 non

119 3151 220 3247 solum
233 3177 253 3217 a
267 3156 437 3240 quantitate
451 3154 565 3218 virium
575 3155 807 3220 sollicitantium
820 3157 946 3242 pendet,
958 3157 1004 3222 uti
1018 3155 1051 3222 id
1066 3180 1124 3221 usu
1135 3159 1264 3234 veniret,
1277 3157 1302 3220 ai
1317 3178 1399 3242 aqua

116 3260 229 3327 inertii
251 3275 378 3342 careret,
401 3263 457 3330 sed
477 3264 605 3349 insuper
625 3287 645 3328 a
665 3278 752 3329 motu
769 3267 836 3350 jam
858 3265 929 3330 ante
951 3279 1112 3352 concepta.
1158 3263 1296 3340 Quodsi
1315 3263 1398 3327 enirn

117 3368 190 3434 ante
203 3391 290 3433 mare
305 3370 433 3434 omnino
447 3370 622 3455 quievisset,
637 3381 704 3434 tum
718 3371 837 3455 primus
853 3370 936 3436 certe
950 3383 1045 3436 aestus
1060 3361 1211 3435 oriubdus
1226 3371 1398 3435 admodum

116 3474 239 3539 futurus
260 3489 342 3540 esset
362 3477 462 3553 exilis,
485 3475 605 3540 etiamsi
622 3476 702 3540 vires
717 3477 916 3541 sollicitantes
931 3459 1035 3542 essent
1049 3475 1193 3542 maximae
1203 3502 1212 3556 ς
1236 3489 1398 3564 sequentes

116 3581 193 3649 verb
217 3594 310 3648 aestus
335 3583 483 3649 continud
508 3599 691 3663 crescerent,
719 3584 820 3649 donec
845 3585 971 3650 tandem
998 3597 1070 3672 post
1095 3597 1217 3670 tempus
1243 3583 1399 3648 infinitum

116 3691 364 3778 magnitudinem
386 3692 573 3780 assignatam
594 3691 781 3770 obtinerent,
804 3692 831 3756 si
853 3691 979 3778 quidem
999 3694 1079 3756 vires
1095 3691 1293 3756 sollicitantes
1315 3690 1399 3754 idern

115 3799 215 3862 robur
237 3796 390 3882 perpetub
412 3809 589 3862 servarent:
611 3809 704 3884 atque
723 3797 784 3862 hoc
805 3798 888 3864 idem
904 3799 1026 3864 evenire
1042 3799 1143 3878 debet,
1168 3800 1194 3862 si
1208 3811 1302 3862 aestus
1317 3821 1400 3883 prae-

116 3905 263 3970 cedentes
284 3917 405 3970 tantum
426 3905 541 3970 fuerint
555 3906 700 3984 minores,
723 3905 817 3992 quim
832 3909 858 3972 is
872 3907 927 3993 qui
941 3908 1058 3972 viribus
1074 3908 1309 3972 sollicitantibus
1324 3931 1399 3973 con·

114 4013 210 4077 venit.
255 4011 364 4086 Quare
384 4011 457 4076 crim
471 4026 565 4076 aestus
578 4011 738 4077 novilunia
752 4035 788 4077 ac
808 4013 978 4097 plenilunio
997 4013 1208 4098 praecedentes
1223 4013 1286 4078 sint
1298 4005 1399 4078 mino-

115 4139 177 4200 ras,
202 4121 225 4184 ii
248 4121 374 4206 quidem
399 4120 449 4185 his
472 4123 664 4207 temporibus
688 4122 728 4187 ab
751 4123 848 4188 auctis
869 4124 986 4190 viribus
1006 4125 1215 4214 augebuntur,
1238 4148 1304 4189 non
1324 4125 1399 4191 verb

117 4230 223 4296 subito
244 4243 342 4295 totam
363 4254 452 4296 suam
473 4235 677 4318 quantitatem
696 4247 934 4321 consequentur,
957 4249 1050 4324 atque
1070 4237 1152 4302 hanc
1170 4239 1211 4302 ob
1226 4260 1293 4302 rem
1307 4225 1413 4304 aestus'

119 4338 289 4404 etiamnum
304 4350 376 4424 post
390 4339 530 4426 syzygias
540 4354 707 4428 augmenta
717 4343 878 4428 accipient,
891 4344 991 4408 donec
1002 4346 1044 4410 ob
1058 4357 1125 4410 tum
1137 4362 1280 4413 secutura
1291 4349 1402 4412 virium

118 4448 328 4526 decrementa,
351 4460 446 4512 aestus
466 4448 581 4525 iterum
602 4449 780 4516 decrescere
803 4452 960 4536 incipiant
1006 4455 1056 4518 Ita
1074 4467 1214 4542 tempore
1229 4455 1403 4521 novilunio·
1489 4519 1496 4535 Χ

119 4581 191 4620 rum
204 4572 236 4622 et
248 4559 492 4643 pleniluniorum
504 4579 570 4622 non
583 4569 648 4622 tam
663 4560 723 4644 ipsi
736 4575 830 4626 astus
846 4559 938 4648 quarn
951 4562 1142 4630 incrementa
1156 4588 1265 4630 eorum
1276 4589 1404 4632 censen·

115 4662 164 4726 da
185 4676 257 4726 sunt
278 4667 424 4744 maxima,
447 4678 599 4752 quatenus
622 4666 738 4732 scilicet
752 4679 845 4732 aestus
865 4669 1077 4752 praecedentes
1091 4673 1227 4738 maximi
1242 4658 1402 4752 deliciunt,

155 4769 215 4816 Vor.
231 4769 284 4817 111.
765 4773 785 4814 2
