3284 5517
124 298 128 308 ’
201 340 263 401 aaa
450 333 719 414 montaum
742 336 947 404 rflrsrca
970 336 1021 402 tu
1043 336 1240 406 causant

197 504 305 583 libera,
322 504 378 573 sed
392 488 625 593 quaquaversds
640 504 769 570 materiis
784 505 923 570 terrestri
937 506 1137 584 circumdata,
1157 508 1338 595 investigari
1351 512 1485 595 oportet,

79 678 82 685 ,
196 626 347 697 quantum
362 613 421 676 ista
435 612 566 676 materia
580 612 726 677 effectum
740 612 859 675 viribus
874 610 1110 676 sollicitantibus
1124 614 1285 679 concedat.
1325 662 1330 669 -

236 724 260 800 §.
277 726 329 783 25.
353 717 513 794 Quoniam
528 730 633 782 autem
648 719 681 781 in
696 718 757 783 hoc
773 718 887 802 Capite
904 718 996 781 nobis
1010 720 1153 783 nondum
1167 734 1216 786 est
1234 724 1433 807 propositum
1449 727 1484 791 in
1565 724 1568 728 ’

133 811 136 827 ¹
196 826 300 912 ipsum
322 829 466 893 effectum
488 829 527 893 ab
549 829 599 891 his
621 827 739 891 viribus
752 827 923 891 oriundum
941 826 1109 914 inquirere,
1130 829 1186 893 sed
1200 841 1323 895 tantum
1336 846 1483 898 conatuum

193 933 336 1007 evolvere
357 950 451 1023 atque
472 935 655 1019 explorare3
678 931 859 1021 diligentiis
879 932 1118 1018 perpendemus,
1146 937 1320 1022 cujusmodi
1340 939 1422 1004 vires
1440 964 1481 1005 ex

192 1042 423 1109 combinatione
444 1043 557 1108 harum
578 1043 790 1128 potentiarum
810 1043 996 1129 particulam
1014 1042 1055 1108 M
1069 1046 1302 1111 sollicitantium
1321 1050 1481 1117 resultent

193 1148 293 1212 Hunc
318 1150 350 1213 in
376 1150 473 1214 finem
498 1150 673 1214 resolvetur
697 1151 743 1213 vis
768 1150 849 1215 MS
869 1150 903 1213 in
924 1150 1004 1214 duas
1024 1150 1177 1232 laterales,
1200 1178 1332 1241 quarum
1353 1158 1480 1225 alterius

193 1256 326 1322 directio
338 1258 488 1343 parallelo
502 1259 543 1323 sit
556 1259 616 1343 ipsi
633 1260 661 1323 C
677 1260 711 1336 S,
726 1256 825 1323 altera
837 1257 914 1323 rerd
926 1258 961 1321 in
972 1258 1013 1323 M
1022 1258 1051 1323 P
1060 1260 1169 1326 cadat:
1179 1284 1226 1327 ‚ex
1234 1284 1297 1349 quo
1308 1267 1480 1351 reperietur

189 1366 235 1431 vis
250 1367 304 1431 illa
318 1367 503 1454 particulam
519 1366 558 1432 M
573 1368 607 1431 iu
621 1367 792 1432 directione
812 1366 853 1432 M
868 1366 902 1441 Q
915 1386 1032 1453 urgens

193 1556 228 1581 =
244 1482 581 1669 ᾶα-ε-ξῇ-ἰξῇς
604 1526 701 1593 altera
722 1524 796 1591 verd
816 1526 863 1591 vis
885 1524 917 1589 in
932 1522 1018 1587 dire'c

186 1739 271 1803 tione
287 1738 327 1803 M
343 1738 371 1803 P
386 1740 513 1805 trahens
533 1764 565 1801 =

186 1916 291 1969 autern
315 1904 469 1989 particula
495 1904 535 1971 M
561 1906 689 1991 insuper
709 1902 851 1968 trahatur
871 1906 905 1967 in
926 1905 1028 1971 direc-
1072 1949 1076 1954 -

184 2060 268 2123 tione
284 2058 324 2123 M
340 2058 373 2121 N
388 2060 467 2122 vie
485 2020 544 2136 ἕ,
564 2071 626 2124 tres
647 2058 715 2123 istoe
730 2058 810 2122 vires
825 2080 845 2123 a
866 2058 938 2123 Sole
962 2058 1028 2123 Lu-

480 2145 500 2184 a
515 2146 535 2185 a

182 2228 263 2291 nive
277 2228 310 2290 in
327 2228 350 2291 S
367 2228 519 2291 existente
533 2227 723 2292 reducentur
737 2228 778 2292 ad
792 2227 880 2305 duas,
892 2248 1025 2313 quarum
1086 2240 1116 2285 ι)

183 2334 282 2399 altera
316 2334 349 2398 in
386 2334 556 2399 directione
599 2335 638 2399 M
670 2336 703 2411 Q
737 2358 853 2423 urgens
894 2336 955 2399 erit
988 2360 1020 2395 =

353 2548 365 2579 a
470 2550 496 2626 χ)
512 2446 653 2627 p-ffsg,
677 2491 774 2557 aliern
792 2488 867 2554 verli
882 2487 1026 2552 directio-

180 2863 207 2927 si
222 2875 316 2926 rectae
332 2862 372 2927 M
384 2863 417 2939 Q
434 2876 466 2928 et
480 2865 520 2929 M
533 2867 560 2931 P
574 2866 624 2931 his
638 2866 756 2931 viribus
771 2867 1020 2951 proportionales
1030 2865 1202 2951 capiantur,
1215 2872 1248 2923 et
1257 2858 1486 2947 rectangulum·

183 2970 224 3037 Μ
240 2972 273 3047 Q
290 2972 321 3037 0
341 2973 586 3060 Pcompleann,
603 2976 758 3061 exprimet
772 2976 945 3063 diagonalis
969 2976 1010 3041 M
1027 2976 1059 3040 Ο
1081 2970 1146 3037 uim
1159 2967 1363 3033 directionem
1376 2966 1472 3053 quim

182 3082 387 3167 quantitatem
403 3084 449 3148 vis
464 3106 506 3151 ex
519 3086 620 3151 tribus
634 3084 887 3172 praecedentibus
901 3099 998 3151 ortae:
1022 3085 1082 3150 erit
1096 3092 1200 3147 autem
1214 3076 1322 3165 anguli
1337 3076 1369 3142 Ο
1385 3075 1425 3139 Μ
1442 3076 1470 3140 Ρ

179 3246 311 3321 tangens
329 3266 364 3293 ²
388 3214 502 3384 233
515 3191 921 3379 -lffllJs—WQ
944 3263 1008 3327 quo
1024 3238 1159 3327 cognito,
1176 3234 1202 3298 si
1217 3233 1272 3296 fiat
1285 3241 1321 3295 ut
1337 3229 1415 3294 MP
1429 3228 1470 3294 ad

181 3446 221 3510 M
237 3444 269 3513 Ο
285 3448 329 3512 ita
345 3408 683 3590 ((ει-Χῗ--Ἳῖῆῇ
698 3446 739 3511 ad
753 3462 905 3533 quartam,
928 3450 998 3517 haec
1012 3450 1080 3537 ipsa
1094 3458 1206 3536 quarta
1226 3438 1469 3528 proportionalis
1562 3470 1566 3476 »

179 3612 240 3676 erit
254 3612 301 3676 vis
315 3612 502 3699 particulam
518 3610 558 3675 M
572 3610 605 3675 in
620 3612 791 3678 directione
806 3614 846 3678 M
862 3615 894 3681 Ο
909 3617 1089 3694 sollicitans,
1105 3632 1176 3700 quoe
1189 3608 1289 3673 oritur
1303 3628 1323 3671 a
1336 3605 1368 3669 vi
1389 3603 1430 3669 ad
1446 3605 1470 3671 S

178 3722 337 3787 tendente.
643 3750 645 3755 ·

222 3833 246 3910 §.
263 3838 314 3893 26.
340 3828 387 3894 Ut
407 3840 511 3893 autem
532 3830 601 3894 istae
615 3829 696 3895 vires
711 3830 831 3897 facillis
846 3855 918 3899 cum
937 3833 1089 3922 gravitate
1102 3826 1248 3904 naturali,
1264 3826 1352 3910 cujus
1368 3822 1469 3887 direc-

177 3936 223 4001 tio
238 3950 288 4001 est
302 3936 342 4001 M
359 3936 397 4014 C,
415 3937 562 4024 conjungi
581 3952 705 4025 queant,
721 3941 917 4007 resolvantur
930 3966 977 4008 eae
999 3944 1032 4005 in
1046 3940 1146 4017 binas,
1169 3957 1301 4023 quarum
1318 3934 1416 3999 altera
1436 3933 1470 3995 in

178 4050 279 4134 ipsam
301 4048 504 4113 directionem
527 4048 612 4115 Mc
635 4050 735 4128 cadat,
759 4052 885 4119 alteriirs
899 4054 975 4119 vero
994 4051 1125 4117 diremio
1147 4050 1188 4112 sit
1210 4044 1250 4110 M
1266 4046 1298 4111 R
1319 4042 1470 4109 normalis

178 4158 219 4223 ad
243 4158 339 4223 MC.
383 4157 435 4223 Ad
458 4158 520 4224 hoc
534 4161 785 4226 commodissime
800 4166 1023 4247 praestandum,
1046 4162 1220 4227 resolvatur
1234 4156 1280 4221 ris
1303 4156 1384 4222 MS
1404 4152 1470 4238 pn‘·

177 4271 266 4337 mum
280 4272 417 4351 induas,
441 4294 575 4358 quarum
590 4272 688 4337 altera
702 4274 824 4339 utente
838 4275 1042 4342 directionem
1059 4273 1175 4338 habeut
1192 4269 1254 4353 ipsi
1277 4266 1305 4331 C
1321 4266 1346 4330 S
1367 4260 1473 4349 parali

177 4382 282 4461 lelam,
298 4380 426 4447 alterilts
439 4382 516 4448 verti
531 4383 661 4448 directio
675 4384 708 4447 in
723 4384 824 4470 ipsam
839 4386 880 4451 M
895 4388 924 4452 C
938 4387 1065 4453 incidat.
1112 4380 1199 4449 ctus
1211 4380 1309 4468 igitur
1324 4376 1365 4442 sit
1385 4374 1425 4440 M
1441 4373 1471 4438 C

178 4570 214 4597 =
241 4536 476 4625 elffii-5²)
499 4538 558 4603 erit
578 4540 665 4625 prior
686 4540 786 4611 ris:
863 4632 907 4646 .-
