3284 5517
232 358 254 414 8
538 342 878 434 PHILOSOPHIAE
900 342 1173 412 NATURALIS
1215 346 1288 427 [Ds
1304 344 1511 415 Mun-sese.

275 518 498 606 Elongationes
512 519 677 585 satellitum
693 520 779 597 Jovis
794 530 827 583 et
840 518 1026 583 diametrum
1040 520 1105 605 ejus
1116 519 1160 583 D.
1177 519 1292 584 Poand
1305 519 1512 583 mierometris
1533 582 1535 585 ,

225 626 356 710 optimis
377 625 594 691 determinavit
614 637 650 689 ut
671 625 818 711 sequitur.
865 626 912 710 (ὓ)
936 624 1104 712 Elongatio
1128 626 1266 690 maxima
1290 624 1512 690 heliocentrica

231 731 369 795 satellitis
380 730 481 817 quarti
496 755 516 795 a
529 742 636 797 centro
655 731 742 797 ‚loris
757 732 956 795 mierometro
970 732 1003 794 in
1017 733 1094 796 tubo
1109 732 1287 818 quindecim
1300 733 1398 819 pedes
1411 734 1509 821 longo

232 853 325 925 capta
345 840 412 931 luit,
435 855 467 906 et
486 840 607 926 prodiit
621 842 654 905 in
674 840 824 905 mediocri
838 841 926 905 loris
939 864 961 905 a
974 840 1078 918 Termi
1091 841 1236 905 dissentit
1251 844 1290 906 8'.
1309 845 1364 907 16”
1379 842 1512 905 circiter.

233 947 282 1011 Ea
296 947 434 1011 satellitis
448 946 530 1011 tertii
544 948 743 1011 micrometro
757 947 790 1009 in
806 946 975 1031 telesoopio
987 948 1084 1031 pedes
1101 955 1162 1013 123
1177 927 1379 1035 longoeapta
1394 947 1462 1026 tuit,
1477 960 1513 1013 et

230 1056 347 1141 prodiit
361 1058 394 1119 in
409 1056 517 1121 eidem
531 1057 618 1123 Jovis
633 1078 652 1120 e
666 1056 766 1119 Terri
782 1055 929 1120 distantii
946 1040 985 1120 αι’.
1000 1058 1070 1120 W.
1117 1056 1340 1144 Elongationes
1363 1057 1513 1120 maximae

232 1166 420 1251 reliquorum
443 1166 608 1229 satellitum
629 1166 662 1227 in
687 1163 793 1227 eidem
817 1163 905 1227 Joris
924 1187 946 1228 a
966 1163 1067 1229 Termi
1089 1163 1234 1230 dissentit
1254 1186 1295 1227 ex
1316 1164 1510 1246 temporibus

231 1270 397 1357 periodieis
411 1271 569 1355 prodeunt
584 1274 622 1333 θ’.
636 1272 707 1337 56”.
723 1272 800 1346 47''',
817 1281 849 1333 et
866 1273 901 1332 1‘.
918 1271 986 1335 51⁰.
1003 1275 1058 1335 6'''.

267 1380 518 1446 DiameterJovis
528 1379 726 1442 micrometro
735 1378 768 1441 in
778 1377 1048 1463 telescopiopedes
1057 1376 1217 1463 lislongo
1226 1378 1338 1461 saepius
1347 1376 1510 1460 captafuit,

233 1490 272 1574 (Ε)
282 1502 314 1554 et
328 1490 368 1553 ed
379 1490 568 1553 mediocrem
581 1488 668 1553 Jovis
684 1510 703 1551 a
719 1486 792 1552 Sole
806 1486 856 1551 rel
867 1486 968 1550 Terrsi
983 1488 1161 1551 distantiam
1171 1486 1308 1563 reductu,
1321 1507 1443 1569 semper
1451 1488 1512 1549 mi-

231 1590 1266 1681 norprodiitqusimto'‘,nunquamniinorqudm88⁹,saepins89''.
1290 1592 1513 1677 Intelescopiis

231 1702 423 1767 brevioribus
437 1702 506 1765 haee
521 1702 671 1765 diameter
684 1712 732 1765 est
744 1705 803 1766 40''
819 1700 867 1766 rel
882 1704 952 1764 41⁰.
991 1703 1028 1786 (⁰)
1046 1702 1127 1767 Nem
1139 1702 1196 1767 lux
1205 1702 1292 1767 Jovis
1302 1723 1360 1786 per
1374 1702 1514 1789 inaequa·

264 1866 305 1929 (ω)
317 1871 356 1917 58·
371 1870 384 1899 ⁹
403 1870 524 1931 Matio
538 1870 638 1919 marimo
652 1868 807 1923 mlioermdee
817 1882 854 1915 ss·
919 1866 955 1931 (¹)
966 1870 1006 1915 ⁵⁴·
1019 1872 1032 1900 ³
1046 1870 1080 1915 Et
1089 1872 1120 1917 ad
1130 1870 1265 1917 mediocrem
1276 1870 1338 1918 Joois
1347 1886 1362 1915 o
1373 1872 1428 1916 Sole.
1460 1868 1513 1915 Ds-

231 1930 312 1977 tellitis
321 1932 347 1977 in
357 1932 467 1983 mediocri
476 1932 542 1981 Joris
551 1948 567 1979 a
576 1931 630 1981 Sole
641 1930 750 1977 distentii
761 1930 855 1992 equalis
886 1939 926 1978 tur
940 1930 1024 1990 positio
1039 1931 1108 1977 linea
1121 1932 1194 1979 dueta
1208 1934 1238 1978 ab
1254 1932 1323 1979 oculo
1337 1931 1471 1991 spoetatoris
1482 1931 1513 1980 ad

233 2002 268 2041 est
285 1994 358 2053 ipsius
373 1995 514 2061 elongationi
533 1996 642 2042 maximoe
660 1991 811 2057 geoeentriesr
830 1994 856 2040 in
887 1992 972 2042 Jorem
991 2003 1095 2054 ternpore
1110 1993 1281 2049 observationis,
1299 2006 1323 2041 et
1340 2010 1384 2054 per
1398 1996 1513 2042 theerim

231 2056 341 2103 mediocri
356 2056 465 2107 distantiis
480 2058 584 2119 ejusdem
599 2058 666 2106 Joris
678 2072 693 2103 ι
704 2052 784 2104 Tetri.
821 2058 857 2105 Sit
889 2057 958 2113 Solis,
974 2056 1044 2104 datur
1059 2058 1128 2105 etiam
1142 2058 1227 2119 positio
1237 2058 1304 2106 llere
1314 2056 1391 2105 dueta
1400 2061 1431 2105 als
1440 2059 1514 2106 oculo

232 2120 611 2180 enimABPGorbitaJovis,
626 2118 856 2183 SolinS,Asplss·
888 2120 1167 2185 stolem(⁴7)eodesn
1183 2134 1300 2183 tempore;
1317 2121 1514 2170 undedaturan·

888 2184 960 2249 gelus
978 2184 1014 2231 irls
1030 2186 1122 2232 duabus
1139 2184 1207 2232 lineis
1221 2186 1368 2244 interceptus,
1388 2202 1429 2231 seu
1446 2185 1514 2233 elon-

440 2252 446 2263 '
529 2250 558 2309 Α
887 2247 951 2309 gatto
962 2248 1125 2296 JorisaSole.
1151 2249 1252 2308 Insuper
1261 2248 1336 2303 datur.
1347 2248 1514 2307 pertinentiam

888 2310 960 2365 Joris,
974 2311 1039 2359 loeus
1048 2312 1100 2375 ejus
1109 2313 1134 2358 in
1146 2312 1237 2372 proprii
1247 2311 1329 2367 orbiti,
1344 2321 1369 2359 et
1378 2310 1433 2359 ideti
1443 2323 1515 2360 ιιοιιιι

887 2382 923 2425 αἱ
937 2375 1039 2437 angelus
1053 2390 1124 2447 qrtem
1140 2375 1339 2434 semprelsmdtrrtt
1352 2375 1407 2423 dun
1418 2376 1489 2423 tineas
1498 2391 1514 2424 a

876 2447 969 2485 restro
986 2439 1046 2485 Solis
1061 2439 1138 2487 duct:
1148 2437 1179 2486 sd
1188 2438 1273 2489 Joresn
1284 2449 1309 2485 et
1318 2438 1348 2485 ad
1361 2440 1458 2487 Terram
1470 2454 1515 2488 sets

864 2502 984 2549 meulent
1002 2503 1159 2551 observatoris.
1206 2502 1237 2549 In
1256 2502 1374 2565 triangulo
1391 2503 1466 2565 igitur
1484 2518 1514 2550 ea

888 2565 963 2613 eoos
972 2564 1019 2613 illis
1029 2565 1097 2612 lineis
1106 2566 1171 2613 iat-te
1178 2568 1247 2628 euius
1255 2566 1358 2629 angelus
1369 2582 1432 2614 enus
1441 2576 1479 2613 est
1488 2568 1514 2615 in

887 2629 958 2675 oculo
972 2630 1105 2688 spectatoris
1119 2646 1161 2677 seu
1176 2632 1201 2675 in
1220 2628 1302 2686 Terre,
1318 2630 1376 2677 alter
1386 2630 1480 2683 indole
1490 2641 1515 2677 et

887 2692 971 2739 tetrius
980 2692 1006 2738 in
1017 2692 1084 2749 Jove,
1101 2693 1186 2740 dantur
1196 2693 1279 2755 anguli
1289 2707 1375 2747 omnes
1393 2692 1514 2742 etesindd

844 2781 848 2789 ·
888 2754 957 2802 datur
972 2756 1032 2803 ratio
1047 2756 1145 2803 laterum
1161 2772 1203 2804 seu
1218 2756 1278 2805 ratio
1292 2756 1408 2803 dinsntioe
1419 2756 1487 2806 Jorir
1498 2774 1514 2807 a

890 2819 945 2867 Sole
955 2819 985 2866 ad
995 2819 1127 2867 dimandsm
1135 2820 1202 2869 Joris
1211 2836 1226 2868 s
1238 2819 1312 2868 Tetri
1321 2830 1425 2881 ternpore
1435 2823 1515 2869 obser·

844 2909 847 2917 ·
888 2883 994 2931 rationis.
1031 2884 1108 2930 Datur
1124 2881 1186 2941 serti,
1207 2898 1249 2945 pss
1267 2884 1380 2931 theoriam
1398 2884 1466 2934 Joris
1484 2900 1514 2933 ex

842 2981 846 2987 .
888 2946 1248 3005 obsemeimihmoourtitutam,
1257 2947 1316 2995 ratio
1324 2947 1515 2997 &mensoris

888 3026 904 3059 a
912 3010 967 3058 Sole
977 3020 1081 3071 tempore
1087 3010 1252 3058 observationis
1260 3010 1289 3058 ad
1300 3012 1372 3071 ipsius
1379 3010 1514 3059 distantiam

889 3074 1029 3122 mediocrem
1046 3089 1060 3121 a
1079 3074 1133 3122 Sole
1148 3074 1184 3124 vel
1202 3090 1217 3122 a
1234 3074 1313 3122 Tetri.
1351 3075 1432 3131 Quare
1445 3074 1516 3123 daun

889 3139 949 3185 ratio
963 3138 1078 3186 distamiae
1093 3137 1160 3187 Joris
1173 3154 1188 3185 a
1206 3138 1280 3190 Terre
1293 3150 1397 3199 tempore
1406 3141 1514 3187 obrem

890 3202 960 3248 tionis
970 3201 1000 3248 sd
1010 3202 1142 3249 distantiam
1154 3201 1205 3264 ejus
1215 3202 1354 3249 mediocrem
1366 3218 1380 3249 a
1390 3201 1444 3249 Sole
1455 3201 1515 3251 vela

799 3300 800 3303 ,
891 3264 972 3316 Terre,
1007 3264 1053 3313 Sed
1068 3265 1324 3327 diametri-apparenter
1339 3264 1515 3314 lorisel'erst

890 3330 933 3377 risi
951 3340 1006 3377 sunt
1022 3328 1082 3375 inter
1100 3346 1125 3376 se
1140 3328 1229 3379 inverse
1244 3339 1272 3377 ut
1287 3329 1402 3377 deuote
1417 3328 1515 3378 lorias

891 3392 972 3449 'rent
989 3392 1082 3440 dabitur
1095 3392 1174 3456 itaque
1189 3392 1248 3441 ratio
1263 3392 1369 3441 diametri
1382 3394 1515 3455 apperemis

890 3467 993 3517 tempore
1002 3458 1167 3504 observationis
1176 3457 1207 3505 ad
1216 3458 1356 3505 diametrum
1364 3468 1513 3517 apparentem

890 3521 915 3567 isr
926 3518 1037 3568 mediocri
1046 3519 1156 3569 dissuat
1165 3522 1232 3571 loris
1241 3538 1256 3570 s
1268 3522 1342 3569 Tetri
1352 3521 1388 3568 rel
1400 3521 1463 3569 Sole.

923 3584 958 3648 (⁰)
975 3589 1013 3633 55.
1027 3588 1041 3616 ⁶
1054 3588 1120 3633 Nom
1134 3589 1174 3634 Ius
1188 3588 1256 3637 Joria
1291 3585 1422 3633 Nerrtonus
1441 3584 1513 3645 Prop.

894 3647 955 3697 Vll.
974 3648 1028 3696 Lilr.
1043 3648 1065 3696 1.
1085 3649 1189 3710 Optieea,
1206 3649 1369 3711 experimentis
1383 3659 1408 3697 et
1422 3648 1514 3699 calcula

890 3711 979 3760 invenit
994 3714 1065 3775 quod,
1081 3713 1140 3759 siet
1154 3725 1242 3775 peneto
1252 3713 1332 3761 lucido
1341 3711 1366 3759 in
1376 3728 1444 3761 arem
1456 3712 1514 3761 tele-
1531 3716 1539 3727 '

891 3777 962 3837 seopil
978 3776 1052 3837 posito
1067 3777 1098 3823 ad
1113 3777 1233 3839 ingentem
1251 3778 1391 3831 distantiam.
1409 3778 1468 3825 radii
1487 3791 1513 3823 ιιι

521 3840 549 3891 1²
890 3840 977 3887 vitrum
995 3841 1134 3903 objectirum
1151 3840 1256 3888 incidant
1264 3841 1311 3887 ari
1332 3840 1443 3901 paralleli,
1464 3840 1514 3888 dis·

721 3930 724 3937 ·
890 3905 963 3951 tincta
978 3914 1002 3951 et
1018 3903 1116 3951 minima
1133 3905 1205 3967 hujus
1221 3904 1303 3964 puncti
1320 3903 1400 3981 imago
1415 3904 1440 3951 in
1459 3903 1513 3952 ritri

234 3966 293 4015 lium
309 3966 382 4023 Joris,
402 3966 423 4015 P
439 3965 585 4027 pesr'helium,
603 3966 626 4013 T
644 3966 721 4022 Terra,
738 3968 782 4017 erit
802 3968 859 4015 As
890 3968 943 4015 loeo
961 3967 1058 4029 depicta,
1077 3978 1112 4015 est
1128 3968 1236 4025 circulus,
1253 3984 1301 4015 non
1322 3984 1377 4015 sero
1397 3977 1513 4029 punemm

234 4032 336 4081 maxima
351 4028 460 4079 distantia
478 4029 545 4079 Joris
564 4046 578 4077 a
597 4030 658 4089 Sola,
677 4031 857 4090 seminem
890 4040 918 4079 ut
938 4046 987 4079 esse
1007 4031 1107 4088 deberet,
1133 4034 1238 4079 obstante
1259 4032 1370 4079 nimirum
1390 4046 1438 4079 non
1459 4040 1514 4081 tan·

238 4096 261 4143 Α
274 4092 785 4151 TverdmasimsdistantialoriasTetri,
802 4096 859 4143 ΡΤ
889 4103 942 4143 tum
967 4095 1021 4142 vitri
1044 4096 1203 4154 sphaerieitete,
1230 4096 1272 4143 sed
1295 4094 1411 4156 precipui
1435 4096 1514 4143 mlio-

235 4158 339 4222 minima,
351 4166 375 4205 et
385 4156 437 4205 ieet
447 4158 570 4207 mediocris
581 4157 690 4206 distentia
700 4158 766 4207 Joris
776 4174 791 4205 a
804 4159 858 4207 Sole
889 4158 967 4207 rum'
1021 4158 1069 4206 uali
1083 4158 1161 4207 reirau
1178 4160 1273 4207 ibilitste
1288 4158 1336 4223 quir
1349 4160 1391 4207 lux
1408 4174 1437 4207 n
1453 4158 1505 4209 dna

235 4238 276 4270 seu
288 4222 305 4286 ᾖ
319 4225 341 4270 Α
357 4220 441 4283 l‘={
455 4224 476 4269 A
489 4220 637 4289 S-l-lSP,
650 4222 859 4271 etmedioerisdis-
890 4172 1085 4273 samnmlrsm'
1101 4224 1127 4270 in
1147 4232 1207 4271 rstro
1227 4225 1298 4284 plano
1319 4238 1421 4271 oonsexo
1445 4224 1513 4285 etrjus

235 4284 553 4349 tantiaJosiseTernieritl
567 4286 860 4351 tr÷trr=4n1t
890 4286 1024 4333 soerexltas
1043 4296 1131 4347 puncto
1150 4286 1229 4334 lucido
1244 4290 1380 4343 obruetur,
1399 4287 1518 4349 eu‘usqoe

238 4348 317 4404 Quare
324 4350 377 4397 duo:
384 4349 430 4395 illm
436 4351 561 4397 medioeres
569 4349 744 4399 distantiesunt
750 4350 857 4413 equales,
890 4350 1030 4408 sphetieitss
1052 4350 1191 4399 diametrum
1217 4352 1288 4400 habet
1317 4357 1362 4399 100
1470 4367 1514 4399 seu

235 4412 333 4475 iretque
349 4412 507 4477 elongationes
525 4416 633 4461 maximos
648 4414 816 4463 heliooentricoe
835 4422 859 4461 et
892 4418 954 4461 1200
970 4414 1035 4476 digit.
1049 4414 1247 4475 apestunrerdt
1262 4414 1322 4479 digit
1341 4415 1454 4462 diameter
1468 4416 1515 4463 eir·

231 4478 385 4536 gmeentrioto
401 4478 426 4523 in
442 4480 596 4526 mediosrtbus
611 4478 657 4526 illis
673 4477 787 4527 distantiis
803 4487 859 4527 sunt
889 4477 941 4525 eelli
952 4478 994 4539 qui
1004 4493 1032 4523 ex
1044 4478 1096 4524 sits-i
1112 4478 1264 4540 spherieitate
1279 4480 1351 4525 oritur
1369 4478 1516 4527 eritaddia·

235 4542 303 4587 etisnr
315 4542 420 4604 equales.
665 4544 669 4549 ’
890 4551 991 4590 metram
1021 4541 1126 4607 ejusdem
1159 4542 1245 4591 siroelli
1274 4541 1377 4591 mimi
1408 4541 1513 4593 distineti
