3284 5517
491 950 775 1051 numurus
808 970 1119 1052 uoumuu.

173 1284 441 1389 Immxruus
464 1318 615 1405 quosdam
639 1318 776 1407 maligne
800 1317 998 1403 interpretari
1025 1314 1147 1379 notulas
1176 1334 1252 1400 quas
1281 1312 1450 1399 adjecimus

175 1422 416 1489 Commentariis
439 1424 467 1489 P
482 1426 518 1489 P.
536 1425 584 1489 Le
608 1426 687 1491 Sem·
700 1438 732 1489 et
745 1426 902 1511 Jacquier,
925 1424 1014 1510 quasi
1027 1422 1140 1506 saepius
1155 1419 1300 1484 Newtoni
1313 1432 1450 1485 mentem

171 1553 238 1594 uon
260 1532 433 1619 attigissent
440 1556 450 1609 ς
471 1554 512 1595 ne
531 1543 635 1597 autem
648 1532 723 1617 ipsis
738 1532 813 1596 vitio
827 1544 966 1595 vertatur
979 1528 1065 1616 quod
1079 1538 1298 1592 ooncessenmt
1310 1528 1352 1591 ob
1365 1528 1450 1612 ipso-

172 1660 243 1703 rum
267 1640 439 1703 absentiam
461 1640 501 1703 eb
526 1640 603 1704 urbe
626 1642 659 1703 in
682 1638 743 1725 qud
767 1640 848 1703 liber
872 1639 1031 1715 edebatur,
1055 1648 1092 1701 ut
1111 1659 1224 1721 nempe
1245 1658 1451 1723 quaecumque

171 1743 353 1807 viderentur
374 1744 568 1831 corrigenda,
591 1744 631 1809 ab
647 1744 777 1809 Editore
790 1746 860 1829 ipso
873 1754 1077 1819 mutarentur,
1094 1743 1158 1806 sive
1171 1742 1252 1806 levia
1265 1742 1329 1805 sive
1343 1732 1451 1829 gravisi

171 1846 285 1925 forent,
301 1849 490 1914 monendum
504 1862 592 1935 puto,
615 1872 665 1914 me
681 1850 837 1914 Anterum
851 1850 1050 1937 deligentium
1063 1860 1096 1911 et
1108 1848 1283 1912 doctrinam
1297 1870 1451 1933 nusquam

172 1955 375 2033 desiderasse,
399 1959 604 2022 correctiones
627 1982 702 2045 quas
717 1958 776 2023 feci
789 1960 936 2023 levissimi
951 1982 1017 2022 esse
1035 1958 1195 2035 momenti,
1219 1979 1278 2021 nec
1292 1978 1360 2021 esse
1372 1956 1450 2019 tales

172 2072 209 2123 ut
229 2072 358 2146 propter
376 2062 459 2146 ipsas
474 2064 644 2151 quidquam
658 2087 698 2129 ex
712 2064 815 2129 debitd
832 2065 1004 2129 Antoribus
1018 2064 1116 2152 gloriis
1132 2063 1259 2128 tollatur
1273 2062 1358 2149 quod
1370 2084 1452 2127 meos

70 2250 73 2254 Ι
173 2169 286 2253 opellae
310 2171 475 2249 tribuatur,
501 2185 533 2237 et
558 2172 704 2237 asterisco
729 2184 851 2237 notatas
873 2172 976 2250 fuisse,
1002 2194 1066 2236 nou
1095 2170 1181 2258 quod
1205 2170 1323 2256 aliquid
1350 2170 1451 2235 laudis

174 2282 288 2346 exinde
310 2284 506 2367 speraverim,
530 2285 586 2348 sed
600 2284 673 2371 quia
686 2284 713 2349 si
726 2285 790 2348 illic
803 2284 922 2371 aliquid
939 2284 1006 2347 vitii
1024 2283 1192 2368 irrepserit,
1216 2304 1341 2367 aequum
1356 2292 1404 2345 est
1416 2292 1453 2346 ut

175 2390 209 2453 iu
224 2390 397 2469 Editorem,
422 2414 487 2456 non
500 2393 533 2457 in
548 2393 684 2457 Autorea
700 2414 736 2457 ea
751 2392 844 2477 culpa
857 2391 1079 2467 transferatur3
1100 2412 1141 2454 ne
1162 2389 1313 2453 similibus
1328 2388 1452 2452 cavilla·

174 2496 311 2559 tionibus
326 2496 447 2560 occasio
460 2498 494 2560 in
506 2510 665 2583 posterum
685 2496 785 2575 detur,
800 2496 878 2560 tales
893 2495 1099 2559 distinctionis
1113 2494 1230 2558 notula
1244 2516 1309 2557 non
1323 2492 1452 2557 adhibe·

174 2601 293 2667 bunun
307 2602 341 2664 in
355 2603 490 2695 secundia
504 2602 596 2689 hujus
608 2602 784 2667 Voluminis
797 2613 897 2687 parte,
913 2602 946 2663 in
957 2600 1019 2687 qud
1035 2622 1194 2685 speramus
1208 2598 1342 2662 calculos
1354 2597 1452 2661 Nun·-

174 2732 343 2777 roursuos
364 2712 447 2777 circa
472 2712 598 2779 Lunam
621 2712 817 2798 potissimum
838 2710 913 2779 satis
934 2710 1104 2787 intricatos,
1133 2708 1166 2771 iu
1187 2720 1327 2795 apertam
1349 2706 1452 2771 lucem

173 2817 416 2903 expositumiri.
840 2839 843 2846 ·
