3284 5517
440 415 632 483 FLUXUS
653 415 715 481 Ac
740 412 996 481 REFLUXUS
1019 413 1179 480 MARIS.
1388 419 1469 478 329,

168 589 397 674 adjudicantur,
413 598 506 674 atque
519 586 560 652 ad
575 607 682 650 omnes
695 584 832 650 theorias
845 584 935 671 reque
949 587 1116 671 pertinent.
1154 583 1369 660 Quamobrem
1382 583 1456 648 ulti-

168 721 256 763 mum
275 698 336 763 hoc
359 699 464 785 Caput
486 697 706 762 destinavimus
727 696 927 780 explicationi
947 695 1225 780 phaenomenorum
1247 693 1453 779 quommdam

169 805 382 893 singularium,
405 825 540 891 quorum
560 825 654 868 causa
674 824 738 867 non
752 818 816 866 tarn
831 805 864 866 in
884 799 950 887 ipsi
966 801 1046 888 aquia
1061 802 1242 886 viribusque
1257 811 1324 864 eam
1340 801 1454 864 sollici-

112 994 115 1005 Ι
170 916 320 994 tantibus,
338 911 430 1002 quim
445 915 478 978 in
493 913 594 979 Terris
609 913 780 978 continenti
793 911 1010 998 littoribusque
1023 923 1071 976 est
1085 909 1273 998 querenda:
1296 909 1356 973 hac
1370 909 1454 973 enim

168 1037 257 1110 parte
278 1023 418 1090 absoluta
439 1025 518 1089 nihil
539 1022 672 1109 amplirls
686 1035 803 1089 restare
816 1023 949 1101 videtur,
972 1021 1056 1109 quod
1071 1019 1120 1086 vel
1135 1021 1175 1086 ad
1190 1021 1320 1085 theoriae
1335 1033 1453 1085 nostrae

172 1133 449 1212 confirmationem,
470 1130 520 1195 vel
541 1131 582 1195 ad
603 1132 744 1194 omnium
764 1131 1044 1216 phoenomenorum
1064 1129 1258 1216 adaequatam
1273 1130 1455 1214 explicatio-

168 1260 240 1303 nem
256 1239 426 1304 desiderari
441 1250 543 1325 queat.
592 1237 744 1314 Quamvis
766 1240 850 1302 enim
871 1237 1076 1302 illustrissima
1092 1235 1262 1302 Aoademia
1279 1247 1379 1300 totum
1394 1236 1456 1301 hoc

89 1370 92 1374 “
168 1355 386 1430 argumentum
406 1365 471 1409 non
491 1342 615 1430 penittls
637 1344 795 1408 exhauriri
812 1345 930 1431 jubeat,
955 1343 1027 1409 crim
1049 1345 1154 1410 adhuc
1172 1344 1338 1409 nonnullas
1352 1368 1454 1431 quaes·

167 1455 267 1518 tiones
288 1453 330 1517 de
354 1453 465 1518 eodem
484 1454 517 1517 in
538 1465 699 1538 posterum
720 1475 897 1539 proponere
919 1453 1137 1531 constituisset,
1166 1467 1272 1518 tamen
1292 1455 1365 1541 quia
1392 1453 1454 1520 hoo

167 1572 308 1645 tempore
329 1581 404 1625 vera
424 1581 518 1624 causa
536 1561 666 1646 physion
687 1560 890 1638 desideranti,
913 1561 1074 1625 veritatem
1095 1573 1212 1626 nostrae
1233 1561 1364 1626 theoriae
1389 1573 1454 1627 non

167 1671 241 1735 satis
255 1669 435 1736 confirmari
448 1671 645 1748 arbitramur,
660 1669 720 1734 nisi
735 1672 801 1756 ejus
815 1671 1066 1736 convenientiam
1081 1691 1153 1734 cum
1164 1670 1309 1735 omnibus
1324 1668 1455 1755 phaeno-

165 1777 266 1842 menis
280 1777 416 1842 dilucide
430 1777 674 1854 ostenderemus,
698 1775 811 1841 calmsi
828 1777 877 1840 vel
895 1777 1022 1841 unicum
1039 1773 1269 1861 phaenomenon
1283 1775 1455 1862 refragare-
1479 1763 1483 1781 ⁴

167 1897 229 1964 tur,
256 1907 295 1951 eo
318 1888 389 1971 ipso
410 1867 477 1951 tota
497 1887 618 1951 theoria
643 1886 890 1962 subverteretur3
914 1905 1007 1972 quam
1030 1885 1072 1949 ob
1095 1905 1219 1949 oausam
1244 1884 1455 1968 prolixitatem

166 2008 284 2058 nostrae
304 1996 504 2073 tractationis,
528 2007 620 2081 atque
639 1996 917 2082 transgressionem
934 1994 1067 2059 limitum
1087 1995 1343 2080 praescriptorum
1362 1994 1454 2059 nobis

170 2101 238 2164 sine
253 2099 434 2166 difficultate
449 2100 658 2166 condonatum
672 2101 712 2164 iri
726 2101 921 2166 confidimus.

209 2214 235 2290 l.
254 2217 326 2273 113.
351 2206 493 2273 Primtlm
507 2221 609 2272 autem
624 2207 825 2292 perspicuum
839 2219 895 2286 est,
911 2219 1031 2272 motum
1045 2209 1139 2272 maris
1153 2205 1377 2274 horizo'ntalem
1391 2231 1456 2295 quo

164 2313 216 2379 vel
229 2315 336 2380 versus
351 2316 503 2380 orientem
517 2315 567 2379 vel
581 2315 774 2380 occidentem
787 2317 997 2404 progreditur,
1021 2317 1063 2382 ob
1079 2317 1212 2382 Terram
1233 2317 1451 2403 interpositam

166 2442 233 2486 non
254 2422 356 2486 solum
376 2423 562 2508 perturbari,
585 2420 693 2486 verdm
708 2423 801 2488 etiam
816 2421 1004 2508 quandoque
1025 2441 1153 2508 prorsus
1170 2423 1315 2507 impediri
1331 2424 1455 2488 debere.

167 2529 271 2616 Suprti
285 2533 369 2596 enim
382 2532 585 2609 ostendimus,
601 2533 629 2595 si
647 2545 714 2596 tota
729 2530 831 2594 Terra
845 2528 925 2616 aqui
945 2541 1026 2594 esset
1040 2531 1234 2608 circumfusa,
1258 2543 1326 2594 tum
1340 2531 1456 2617 ubique

165 2638 206 2702 ad
226 2639 348 2704 fluxam
368 2639 567 2704 formandum
588 2654 701 2724 aquam
722 2638 763 2702 ab
784 2637 906 2702 oriente
926 2637 1038 2702 advehi
1061 2637 1188 2714 debere,
1211 2647 1286 2701 ante
1300 2637 1455 2701 refluxum

165 2759 270 2811 autem
293 2746 400 2811 versus
424 2758 528 2811 ortum
553 2741 699 2810 defluere.
743 2741 890 2820 Quodsi
914 2764 991 2830 ergo
1013 2765 1146 2807 oceanus
1168 2741 1277 2807 versus
1297 2743 1450 2808 orientem

167 2852 276 2916 Terris
299 2853 491 2931 terminetur,
515 2853 584 2918 fieri
608 2853 737 2916 omnino
761 2853 870 2938 nequit
895 2863 1035 2937 tempore
1059 2849 1165 2914 fluxis
1191 2851 1323 2916 adhaec
1348 2851 1455 2917 littora

165 2981 247 3044 aqua
267 2960 308 3024 ab
329 2963 448 3026 oriente
468 2961 582 3039 affluat,
605 2983 669 3047 quo
686 2961 755 3045 ipso
769 2981 879 3025 cursus
892 2981 982 3046 oquae
996 2957 1146 3024 naturalis
1160 2959 1285 3045 penitrls
1301 2958 1454 3046 impedie-

165 3077 226 3130 tur.
272 3066 432 3142 Quoniam
445 3082 549 3134 autem
563 3069 643 3132 vires
660 3067 742 3132 Solis
756 3090 794 3132 ao
816 3067 919 3132 Lunae
933 3065 1135 3131 nihilominus
1152 3062 1202 3131 his
1223 3069 1257 3131 in
1272 3069 1454 3156 regionibus

165 3195 253 3240 mare
273 3177 414 3240 attollere
435 3191 597 3254 conantur,
620 3175 935 3261 effectum-consequi
958 3193 1023 3238 non
1044 3187 1204 3260 poterunt,
1228 3177 1289 3240 nisi
1312 3199 1394 3263 aqua
1413 3177 1455 3242 ab

166 3285 328 3352 occidente
341 3285 505 3353 afferatur:
526 3290 572 3352 sic
586 3287 712 3375 quando
727 3288 768 3351 ad
781 3287 889 3351 littora
904 3287 1042 3371 Europae
1057 3309 1138 3372 aqua
1152 3309 1172 3351 a
1185 3285 1304 3353 viribus
1321 3289 1402 3354 Solis
1417 3311 1454 3354 ac

167 3393 268 3458 Iamoe
288 3395 434 3472 elevatur,
458 3419 539 3482 aqua
552 3397 593 3460 ab
606 3395 767 3459 occidente
781 3394 820 3459 ed
834 3395 991 3459 deferatur
1004 3415 1131 3458 necesse
1146 3406 1202 3473 est,
1225 3395 1265 3458 ab
1280 3395 1317 3458 iis
1333 3397 1453 3462 scilicet

165 3503 353 3588 regionibus,
376 3504 431 3567 ubi
452 3525 534 3590 aqua
547 3504 658 3568 eodem
675 3515 817 3588 tempore
834 3502 1045 3588 deprimetur3
1069 3501 1154 3588 quod
1174 3501 1258 3566 idem
1275 3503 1344 3566 lieri
1360 3503 1454 3570 debet

164 3610 206 3674 sd
226 3611 330 3677 littora
345 3611 463 3677 Afrlee
477 3623 508 3677 et
523 3613 680 3677 Americae
702 3611 915 3675 occidentalia.
962 3608 1081 3675 contra
1095 3609 1171 3675 verit
1186 3609 1227 3675 ad
1242 3611 1350 3675 littora
1365 3613 1453 3676 Asiae

164 3731 196 3783 et
221 3721 376 3785 Americoe
399 3721 562 3786 orientalis
586 3740 667 3807 aqua
691 3720 825 3784 naturali
852 3729 940 3783 motu
966 3717 1090 3798 feretur,
1118 3727 1211 3805 atque
1236 3719 1270 3782 in
1293 3681 1383 3782 flurlu
1412 3721 1452 3785 ab

164 3827 284 3891 oriente
297 3828 448 3906 adveniet,
465 3829 498 3891 in
511 3829 634 3894 refluxu
648 3826 725 3891 vero
738 3824 847 3891 versis
863 3827 1013 3890 orientem
1027 3823 1162 3890 recedet.
1207 3825 1300 3890 Vires
1316 3849 1451 3913 namque

166 3933 248 3998 Solis
268 3954 307 3998 ac
328 3936 430 4000 Lunae
449 3948 571 4000 motum
591 3957 683 4022 aquae
704 3933 928 3998 horizontalem
949 3954 1013 3998 non
1034 3953 1092 4018 per
1106 3955 1139 3997 se
1153 3931 1371 4012 determinant,
1395 3935 1464 3998 sed·

164 4042 292 4105 eitenua
312 4053 443 4121 tantum,
466 4043 618 4129 quitenus
632 4041 700 4106 ullis
720 4043 753 4105 in
775 4041 853 4105 locis
868 4059 981 4126 aquam
995 4039 1150 4118 attollunt,
1166 4039 1234 4104 alils
1249 4039 1325 4104 verd
1340 4039 1452 4104 eodem

165 4157 307 4230 tempore
331 4145 530 4232 deprimunt3
567 4162 661 4236 atque
686 4171 769 4236 aqua
793 4147 1019 4232 obproprium
1043 4147 1227 4234 gravitatem
1252 4167 1325 4211 eum
1351 4146 1452 4234 seligit

164 4265 296 4331 motum,
318 4275 384 4339 quo
402 4253 547 4320 facillime
568 4276 588 4319 a
607 4257 684 4321 locis
699 4257 811 4343 quibus
827 4255 1020 4340 deprimitur,
1037 4255 1077 4318 ad
1091 4254 1160 4319 loca
1174 4254 1286 4342 quibus
1301 4254 1453 4321 attollltur

163 4376 402 4448 promoveatur:
425 4367 627 4451 quamobrem
648 4368 707 4432 iste
727 4381 832 4432 motus
854 4365 991 4430 maxime
1013 4365 1155 4430 aTerris
1177 4387 1329 4430 oceanum
1352 4367 1452 4433 iuclu-

165 4469 311 4537 dentibus
326 4473 549 4543 determinetur
562 4497 690 4539 necesse
703 4488 760 4540 est
806 4476 895 4540 Hinc
910 4477 1005 4564 igitur
1018 4475 1180 4561 perspecti
1194 4477 1348 4562 positione
1367 4479 1451 4544 litto·

167 4597 239 4640 rum
261 4580 396 4664 cujusvis
418 4582 513 4645 maris
533 4580 624 4646 facile
637 4582 762 4646 definiri
783 4583 907 4668 poterit,
931 4607 949 4647 a
964 4602 1098 4670 quanam
1112 4584 1204 4671 plagi
1220 4608 1301 4672 aqua
1315 4585 1347 4649 in
1362 4587 1450 4650 fluxu

167 4686 280 4765 venire,
304 4711 514 4778 quorsumque
534 4691 568 4755 in
589 4691 714 4758 refluxu
734 4691 885 4757 decedere
907 4692 1028 4774 debeat,
1052 4693 1078 4758 si
1099 4693 1194 4759 modd
1216 4693 1402 4759 elevationes
1419 4709 1450 4761 et
