3284 5517
334 353 338 361 “
408 372 603 444 ruoxus
625 375 687 444 ao
709 375 969 444 numurus
990 377 1149 446 unms.
1272 384 1274 408 f
1358 385 1423 444 aas

133 568 293 644 sequatore
308 557 434 644 quidem
448 557 503 624 ubi
519 560 622 638 Luna,
638 551 773 626 crimea
785 561 819 626 in
833 557 1001 648 aequatem,
1017 555 1154 626 maximi
1170 561 1200 624 vi
1215 559 1341 648 gaudet,
1361 559 1421 622 du·

131 667 222 730 bium
237 679 285 732 est
298 668 430 745 nullum,
448 670 524 755 quin
538 683 632 735 aestus
646 671 774 736 maximi
787 671 821 734 in
839 671 1025 756 aequinoctia
1037 671 1164 747 incidat,
1187 669 1313 756 quando
1327 667 1422 733 ambo

130 774 298 839 inurinaria
319 776 353 838 in
374 789 535 862 aequatore
555 789 630 843 sunt
650 779 762 863 posita,
785 799 857 864 quas
877 777 987 844 eodem
1008 778 1182 863 proprietas
1197 777 1291 840 edam
1303 777 1337 838 in
1352 775 1422 840 loca
1520 827 1523 850 ,

130 887 173 986 ab
186 898 425 972 rsquatorenon
439 889 573 954 multum
586 890 695 955 dissita
709 893 878 978 competit:
901 905 933 957 at
952 893 986 956 in
1003 891 1079 957 locis
1094 893 1133 957 ab
1148 904 1306 978 aequatore
1319 889 1421 978 magis

129 993 259 1058 remotis
281 1001 376 1058 oestus
397 996 502 1073 maris,
526 993 600 1060 cdm
622 997 904 1084 Luna0maximam
922 998 1017 1063 habet
1031 999 1280 1075 declinationem,
1303 995 1425 1062 dantur

130 1093 259 1204 quidem
278 1104 413 1188 majores
434 1125 476 1168 ex
496 1105 612 1183 tabula,
635 1111 660 1189 t.
677 1113 729 1172 50.
748 1105 858 1172 verdun
871 1120 966 1172 astus
979 1129 1055 1172 mox
1073 1109 1297 1194 subsequentes
1318 1107 1419 1172 multo

52 1219 57 1225 ’
130 1197 210 1276 nme
217 1208 366 1275 minores.
413 1211 552 1288 Quodsi
567 1226 670 1279 antem
689 1213 772 1280 inter
792 1217 883 1280 binos
897 1229 991 1282 sestis
1005 1240 1025 1282 a
1038 1217 1130 1284 Luni
1146 1216 1294 1282 oriundos
1309 1237 1420 1283 conse·

34 1331 52 1379 ,·
128 1328 261 1404 quentes
274 1316 415 1384 medum
428 1319 579 1404 capiatur,
594 1321 713 1406 patebit
725 1322 760 1386 in
773 1321 953 1410 regionibus
968 1331 1032 1388 30⁰.
1047 1324 1087 1388 ab
1101 1336 1261 1409 oequatore
1279 1324 1416 1402 minutis

419 1437 619 1597 igi-{⁰11
594 1493 621 1536 sr
642 1468 745 1536 Lunae
757 1470 924 1602 declinatio
939 1471 979 1536 sit
993 1471 1088 1549 nulla,
1111 1481 1222 1536 oestum
1243 1473 1337 1536 maris
1352 1494 1417 1536 me·
1500 1505 1503 1510 ·

128 1675 279 1756 dium,
244 1701 319 1742 cum
334 1679 429 1746 Luna
441 1679 538 1747 habet
548 1683 789 1750 declinationem
804 1691 846 1750 20
861 1685 1026 1774 graduum,
1042 1653 1314 1814 forez-{9312
1331 1683 1418 1750 idet-

126 1871 191 1941 que
205 1845 316 1913 adbuc
310 1849 478 1915 minorem
492 1851 586 1939 quim
601 1853 674 1920 adm
688 1854 781 1919 Luna
795 1866 985 1942 aequatorem
999 1867 1093 1920 tenet.
1133 1853 1253 1918 Canus
1267 1853 1343 1918 verb
1357 1854 1417 1918 sub

129 1959 305 2024 elevatione
326 1958 393 2044 poli
408 1969 450 2026 60
464 1963 631 2050 graduum,
647 1975 696 2028 est
708 1975 803 2028 sestm
817 1963 922 2040 maris,
940 1963 1032 2028 Lunai
1047 1973 1188 2026 versante
1202 1961 1235 2024 iu
1249 1974 1417 2048 aequatore,

130 2075 282 2233 καθ-’ἷξε
299 2107 340 2186 L,
362 2119 456 2172 aestus
478 2122 583 2175 autem
603 2109 734 2188 medius,
758 2107 830 2176 cum
853 2107 955 2174 Lunae
975 2107 1141 2174 declinatio
1156 2120 1205 2172 est
1219 2105 1285 2174 200.
1311 2118 1416 2170 est=

128 1465 244 1554 quibus
258 1478 353 1531 aestus
368 1478 416 1532 est

131 2289 186 2356 ⁰⁹9
131 2287 229 2418 A?
253 2319 293 2398 L,
315 2318 459 2407 lde6que
472 2323 582 2408 major.
626 2321 679 2388 Ex
699 2343 763 2408 quo
783 2323 983 2410 consequitur
1003 2322 1036 2384 in
1050 2320 1228 2410 regionibus
1248 2319 1372 2406 polis
1343 2317 1418 2383 vrci·

129 2490 271 2555 nioribua
292 2504 387 2557 matus
407 2495 572 2572 maximos,
595 2516 661 2559 non
684 2495 719 2559 in
742 2494 941 2581 aequinoctia,
969 2494 1025 2560 sed
1044 2494 1149 2579 potius
1170 2493 1254 2558 ciros
1274 2489 1417 2568 solstitia,

130 2596 421 2775 {incitandas-em
440 2600 502 2688 qul
523 2600 1002 2687 quideminretheorianostra
1019 2597 1418 2764 perasperientiammiri-

694 2983 859 3006 ἊἊΩΜἈ

442 3289 446 3296 .
545 3189 722 3264 CAPUT
747 3189 1011 3277 QUINTUM.

197 3397 259 3469 De
276 3397 581 3492 temporanbus
597 3422 638 3471 oc
654 3399 823 3495 aestuem
840 3399 964 3473 Moris
979 3401 1015 3473 in
1031 3401 1149 3474 eddem
1166 3397 1354 3496 hypothesi.

131 3626 155 3704 t
171 3629 224 3691 57.
248 3594 476 3711 Quanquam
489 3619 524 3684 in
536 3621 727 3705 praecedenti
738 3620 859 3705 Capite,
876 3640 939 3706 quo
953 3619 986 3682 in
1001 3620 1202 3706 quantitatem
1217 3619 1311 3684 aestds
1324 3619 1419 3684 maris
1513 3603 1517 3610 ⁴

130 3733 291 3818 praecipue
312 3731 539 3819 inquisivimus,
562 3729 654 3794 etiam
675 3741 826 3814 tempora,
850 3728 962 3816 quibus
977 3741 1040 3792 tarn
1054 3729 1159 3795 fluxus
1174 3726 1267 3814 quim
1282 3727 1419 3792 refluxus

132 3843 264 3920 eveniat,
276 3845 342 3930 jam
358 3840 581 3915 indicavimus3
603 3853 709 3904 tamen
723 3839 785 3904 boc
800 3838 912 3926 Capite
931 3838 1014 3904 istud
1028 3851 1247 3926 argumentum
1260 3836 1359 3902 firsiris
1373 3850 1421 3901 at·

45 3960 49 3966 '
132 3970 195 4035 que
216 3947 258 4012 ad
278 3948 511 4013 observationes
532 3945 764 4034 accommodate
784 3970 1017 4034 persequemur.
1061 3946 1302 4011 Observationes
1324 3937 1430 4024 enim(

132 4075 205 4144 quae
226 4055 311 4118 cuca
331 4067 444 4117 aestum
457 4053 551 4116 mans
570 4053 690 4117 institui
711 4053 821 4129 solent,
843 4054 885 4118 ed
906 4054 966 4118 tria
979 4075 1095 4140 genera
1108 4051 1356 4118 commodissime
1371 4069 1433 4117 re·'

132 4167 297 4242 feruntur3
320 4165 361 4228 ad
382 4185 516 4251 quorum
537 4165 674 4250 primum
694 4163 829 4249 pertinet
850 4164 943 4229 maris
965 4162 1037 4227 adm
1059 4163 1191 4228 elevatio
1205 4163 1340 4227 maxirna
1354 4159 1422 4226 trim

132 4276 272 4342 maxima
294 4272 473 4359 depressi03
495 4285 588 4359 atque
608 4271 764 4335 indicatur
785 4285 935 4357 quantum
956 4269 1066 4355 quovis
1088 4281 1166 4334 aestu
1187 4290 1269 4356 aqua
1286 4267 1357 4333 crim
1374 4291 1422 4333 as-

133 4388 247 4454 cendat
267 4385 337 4454 trim
358 4381 536 4450 descendat
592 4382 645 4447 Ad
667 4382 839 4447 secundum
865 4381 1117 4445 observationum
1141 4403 1240 4466 garns
1265 4379 1424 4444 numerari

134 4497 280 4562 convenit
304 4517 367 4571 eas,
396 4513 468 4580 qua·
492 4489 531 4553 ad
557 4501 681 4573 tempus
707 4489 886 4573 respiciunt,
915 4486 1089 4573 quibusque
1109 4487 1266 4564 definitur,
1288 4509 1425 4574 quonam

135 4605 286 4694 annosa
296 4613 460 4668 momento
475 4596 576 4663 ubivis
588 4595 761 4660 Terrarum
773 4617 855 4682 aqua
869 4591 942 4661 edm
953 4615 1105 4662 summam
1115 4607 1220 4662 teneat
1229 4593 1426 4662 altitudinem

170 4711 233 4762 Vos.
249 4705 304 4759 111.
722 4701 750 4751 X
