3284 5517
243 341 307 396 cto
490 326 758 406 INQUlSlTIO
781 325 988 394 PHYSICA
1010 325 1061 394 IN
1084 329 1279 398 CAUSAM

242 507 434 584 observanm
460 505 566 592 etqui
586 505 620 568 in
641 504 710 588 ipso
731 502 793 568 hoc
813 501 893 566 mari
912 513 1089 590 generator.
1150 501 1233 570 Cdm
1254 504 1338 570 enim
1357 505 1517 594 longitudo

240 615 335 700 hujus
354 615 449 678 mans
468 637 510 679 ne
530 623 574 679 60
593 612 720 700 quidem
741 611 857 699 gradus
872 612 1014 698 attinget,
1037 623 1132 677 aestus
1146 624 1239 678 eruut
1253 613 1354 678 multo
1367 615 1516 692 minorem

241 721 423 786 decrescunt
436 721 519 786 enim
533 721 560 783 si
574 717 646 783 cdm
659 717 823 805 longitudo
834 717 1034 795 diminuatur,
1050 729 1118 784 tum
1134 717 1264 783 elevatio
1279 720 1344 805 poli
1359 732 1515 808 augeatur.

242 828 340 908 Quod
358 831 385 894 si
404 851 481 916 ergo
501 828 534 892 in
556 827 604 890 his
618 825 759 891 formulis
772 825 904 914 angulum
920 825 960 891 M
976 826 1005 891 P
1019 825 1052 890 N
1066 839 1202 910 ponatur.
1216 826 1280 891 iere
1296 837 1338 894 60
1352 827 1514 914 graduum,

240 952 334 1025 atque
353 937 483 1002 elevatio
502 935 567 1020 poli
587 934 692 999 debim
712 933 937 1012 introducatur,
964 934 1160 1020 reperientur
1185 937 1310 1028 quidem
1336 950 1428 1002 esua
1451 938 1516 1003 bini

240 1043 377 1130 quotidie
397 1041 521 1107 evenire
541 1039 665 1118 debere,
688 1039 742 1124 qui
762 1053 866 1104 autem
887 1040 984 1104 futuri
1005 1041 1067 1106 sint
1086 1041 1185 1106 multd
1199 1045 1344 1122 minores,
1368 1043 1462 1130 qudm
1483 1042 1514 1106 in

238 1151 342 1216 medio
362 1151 451 1227 mari,
472 1159 506 1214 et
525 1147 665 1233 pluribus
686 1145 846 1210 anomaliis
867 1145 1007 1232 subjecti,
1030 1167 1106 1235 quas
1129 1147 1256 1234 quidem
1277 1169 1384 1214 omnes
1399 1171 1439 1214 ex
1454 1148 1515 1214 for-

238 1257 330 1322 mulis
350 1256 480 1321 definire
500 1253 615 1319 licebit.
659 1251 817 1328 Quoniam
832 1273 907 1338 ergo
921 1263 987 1316 tam
1000 1253 1106 1342 exigui
1121 1266 1216 1320 estus
1231 1277 1250 1319 a
1264 1255 1363 1320 ventis
1377 1269 1409 1320 et
1422 1277 1516 1322 cursu

237 1386 338 1452 squae,
352 1365 406 1450 qui
420 1364 452 1426 iu
466 1361 528 1425 hoc
542 1358 621 1422 mari
633 1357 778 1422 notabilis
792 1355 1046 1442 deprehenditur,
1062 1359 1263 1426 vehementer
1276 1361 1452 1440 mrbuutur,
1475 1361 1515 1426 ad

235 1470 382 1555 pleraque
403 1468 507 1532 littora
527 1465 619 1550 hujus
640 1463 735 1528 maris
759 1463 812 1526 vix
837 1484 970 1550 usquam
994 1477 1089 1528 aestus
1114 1467 1264 1554 regularis
1290 1467 1514 1534 observabitur.

237 1573 353 1658 Excipi
368 1585 474 1637 autem
490 1569 584 1636 debet
597 1566 692 1634 Mare
706 1565 911 1648 Adriaticum,
934 1567 1018 1656 quod
1036 1569 1108 1634 edm
1123 1573 1225 1636 sinmn
1239 1573 1352 1640 formet
1365 1573 1513 1661 amplum,
1626 1595 1627 1632 ι

235 1677 450 1746 advenientem
469 1697 582 1762 aquam
601 1672 713 1740 melius
732 1674 867 1762 colliget,
891 1685 983 1762 utque
1005 1675 1207 1742 deusdonam
1226 1679 1326 1744 multo
1341 1679 1515 1746 sensibilia·
1626 1655 1627 1688 ³

234 1807 301 1852 rem
321 1784 469 1870 parietur,
499 1803 603 1868 aquo
626 1794 722 1846 estus
745 1781 839 1844 maris
860 1780 1000 1846 Venetiis
1026 1783 1206 1848 observatus
1230 1786 1383 1874 originem
1407 1786 1513 1853 hebet
1626 1771 1627 1784 ¹

235 1894 376 1960 Tametsi
396 1893 479 1957 enim
505 1889 598 1954 Mare
627 1887 894 1952 Mediterraneum
919 1908 982 1952 nou
1005 1889 1116 1968 solum,
1143 1887 1216 1956 setis
1242 1891 1377 1978 amplam
1399 1891 1514 1960 habeat

233 2001 436 2078 latitudinem,
460 1983 515 2064 sed
536 1997 629 2062 etiam
649 1993 848 2058 vehementer
868 1993 1066 2082 inaequalem,
1089 2001 1193 2064 mme'n
1213 1997 1367 2083 ejusmodi
1380 2001 1514 2066 marium
1551 2027 1558 2038 ·

231 2125 326 2176 estus
350 2106 521 2173 admodum
545 2103 697 2190 exquisite
718 2123 760 2167 ex
783 2103 931 2186 praesenti
956 2125 1039 2182 casu,
1071 2127 1135 2192 quo
1163 2107 1357 2174 latitudinem
1382 2111 1512 2174 omnino

232 2215 429 2304 negligimus,
446 2211 551 2298 colligi
565 2223 677 2297 potest,
689 2209 764 2294 quia
772 2209 913 2274 extensio
927 2211 1021 2274 mans
1034 2211 1068 2274 in
1082 2212 1308 2301 longitudinem
1322 2217 1515 2302 praecipuam

231 2345 356 2389 causam
380 2333 511 2384 oestuam
536 2316 682 2381 binorum
708 2313 837 2400 singulis
863 2313 972 2378 diebus
998 2318 1204 2384 evenientium
1227 2323 1376 2401 continet,
1408 2343 1513 2410 neque

231 2428 372 2494 extensio
385 2424 554 2490 latimdinis
569 2421 701 2487 multum
714 2419 862 2486 conferat.

272 2541 296 2618 t.
314 2539 384 2598 129.
410 2531 566 2595 Ponamus
588 2547 672 2592 nunc
693 2523 809 2590 tractds
830 2524 930 2588 nostri
951 2527 1044 2591 maris
1066 2529 1292 2618 longitudinem
1313 2555 1508 2614 evanescere,

229 2654 392 2727 totumque
413 2650 546 2702 tractum
567 2636 601 2698 in
622 2631 927 2699 eodem'meridiano
949 2632 1013 2720 Pp
1034 2637 1077 2702 ab
1097 2639 1137 2704 M
1157 2642 1310 2727 usquead
1326 2642 1357 2706 N
1371 2643 1511 2722 extendi,

229 2753 274 2814 ita
290 2761 325 2813 ut
345 2748 385 2810 sit
408 2743 447 2810 M
460 2771 496 2800 =
510 2754 542 2820 0,
564 2763 596 2804 m
610 2769 645 2795 =
663 2749 677 2805 1
691 2764 701 2818 ς
723 2740 808 2803 sinus
822 2752 928 2804 autem
943 2739 1006 2804 ele-

229 2854 361 2922 vationis
374 2850 439 2936 poli
460 2851 493 2912 in
508 2848 549 2914 M
563 2849 603 2912 sit
615 2875 650 2904 =
667 2846 704 2925 P,
727 2847 852 2910 cosious
864 2873 900 2902 =
914 2867 946 2932 p,
970 2847 1003 2912 in

231 2966 264 3031 N
285 2960 360 3028 verd
374 2960 415 3023 sit
428 2957 515 3022 sinus
529 2955 708 3020 elevationis
728 2954 795 3041 poli
806 2984 842 3014 =
859 2955 901 3034 R,
923 2955 1003 3021 cosi.

228 3093 288 3136 nus
300 3095 337 3126 a
351 3089 377 3130 r.
421 3063 474 3128 Ex
487 3063 536 3126 his
550 3063 577 3126 si
592 3062 684 3128 Luna
697 3062 731 3126 in
746 3062 775 3128 L
787 3074 937 3140 versetur
961 3063 1002 3128 ob

229 3179 338 3247 Asin.
358 3175 399 3243 M
415 3201 450 3232 ε·-
473 3173 523 3250 Μ,
549 3173 609 3236 erit
637 3172 670 3235 in
696 3171 736 3238 M
757 3169 888 3236 elevatio
912 3194 1002 3258 aquae

227 3349 324 3414 snpra
345 3323 482 3390 libellam
510 3345 545 3376 ι·-
571 3278 998 3445 ψ

228 3485 881 3584 L(1-sou(1³²÷ra÷n¹)
838 3485 1008 3652 ε-Ἧζ

229 3575 819 3657 ““““““““4“ιΓ““”““
906 3596 927 3652 u

230 3736 353 3850 ÷...
308 3683 708 3852 lgm-1³²..
730 3713 878 3780 Pa-
901 3713 1115 3796 nnn<

185 3861 1038 4032 'ltTT-1)-QE-‘—¹³l=2.5.,x
1626 4013 1628 4016 Ι

227 4065 1506 4236 (otqq-QonamPa-st,

227 4293 366 4372 Quodsi
380 4313 463 4356 nunc
478 4299 615 4375 ponatur
629 4286 706 4350 alter
720 4282 871 4350 terminus
893 4278 925 4343 N
946 4277 1026 4341 ultra
1041 4285 1230 4362 aquatorem
1244 4272 1351 4341 versds
1365 4290 1508 4344 austrum

227 4403 314 4479 sitris,
336 4402 379 4465 ita
400 4413 436 4464 ut
456 4399 542 4464 sinus
562 4393 741 4462 elevationis
761 4389 827 4476 poli
851 4383 991 4454 amtralis
1012 4384 1046 4448 in
1069 4383 1102 4447 N
1123 4379 1220 4467 duplo
1238 4383 1338 4468 major
1357 4383 1397 4449 sit
1411 4382 1508 4470 quim

226 4509 313 4573 sinus
328 4505 507 4572 elevationis
519 4501 653 4568 borealis
666 4501 700 4566 in
721 4497 771 4578 M,
794 4484 849 4562 seu
865 4495 897 4560 R
912 4521 947 4550 =
962 4497 1040 4556 -2
1056 4489 1131 4556 Pet
1143 4511 1160 4554 r
1173 4515 1209 4544 =
1229 4490 1262 4554 ‘t'
1280 4495 1311 4576 (1
1328 4501 1407 4555 -4
1425 4489 1504 4573 12⁹),

226 4617 286 4684 erit
300 4611 352 4679 R‘
365 4623 398 4689 ÷
414 4611 562 4677 Pit-r
574 4605 623 4674 Ρ*
635 4633 667 4668 =
681 4615 712 4684 ο,
728 4619 820 4692 atque
834 4599 964 4667 elevatio
978 4617 1068 4686 aque
1082 4597 1115 4662 in
1132 4595 1171 4662 Μ
1185 4617 1280 4682 supra
1294 4595 1431 4662 libellum
1445 4599 1507 4664 erit
