3284 5517
232 366 294 425 258
482 357 749 437 INQUISITIO
774 360 978 430 PHYSICA
1000 364 1051 429 IN
1074 364 1268 432 CAUSAM

231 531 361 598 diversis
385 530 496 597 Terrae
516 533 695 621 regionibus
717 534 779 597 sint
801 534 978 622 inaequales,
1000 538 1165 624 oequilibrii
1177 551 1284 605 tumen
1296 552 1395 607 status
1409 542 1512 619 detur,

232 640 352 735 inquo
377 650 481 725 partes
506 640 632 703 taudem
658 640 789 725 singulae
812 642 1040 727 conquiescant,
1066 666 1168 730 neque
1190 646 1342 731 perpetui»
1369 647 1452 713 inter
1478 671 1514 714 se

234 749 344 834 agitari
369 758 510 834 pergant.
556 747 661 833 Atque
683 746 765 810 hunc
790 748 832 811 ob
855 770 922 812 rem
947 750 1077 837 singulte
1102 750 1224 817 Terrae
1240 768 1344 838 partes
1365 778 1386 818 a
1413 752 1513 821 tribus

230 855 348 919 viribus
375 854 548 919 sollicitata
571 853 761 917 considerari
788 854 957 933 debebunt,
980 855 1084 940 primo
1107 859 1225 924 scilicet
1247 885 1268 925 a
1290 864 1418 947 propriis
1440 884 1513 951 gra·

234 961 337 1039 vitate,
360 960 421 1047 quir
443 959 560 1024 directe
582 959 727 1025 deorsum
749 960 907 1036 nitentum
929 959 996 1025 nim
1018 962 1093 1027 vero
1107 986 1127 1027 a
1140 967 1183 1044 vi,
1206 966 1267 1053 qud
1281 969 1323 1033 ad
1338 970 1444 1035 Solem
1459 992 1513 1035 ur.

229 1078 354 1153 gentur,
378 1084 416 1129 ac
439 1064 530 1130 tertib
555 1088 573 1129 a
596 1064 627 1127 vi
652 1062 759 1129 versrls
781 1064 906 1153 Lunam
926 1064 1043 1131 directe
1053 1091 1063 1143 ;
1084 1068 1197 1155 lneque
1216 1086 1280 1137 tres
1297 1075 1389 1152 vires,
1408 1078 1512 1161 cujus·

231 1172 319 1236 modi
334 1170 544 1256 phaenomena
557 1172 668 1257 quovis
680 1182 819 1254 tempore
838 1170 871 1232 in
884 1170 1024 1255 partibus
1040 1173 1151 1239 'l'errae
1163 1176 1269 1241 fluidis
1288 1180 1429 1266 gignant,
1452 1184 1512 1250 erit

227 1280 487 1367 investigandum.

270 1392 294 1469 §.
318 1396 368 1452 19.
403 1386 478 1463 Qut
503 1387 599 1473 igitur
623 1388 686 1451 vim
709 1385 847 1462 totalem,
873 1383 935 1470 qud
961 1384 1063 1451 Terra
1088 1388 1139 1453 vel
1163 1414 1190 1463 a,
1206 1390 1280 1456 Sole
1304 1392 1353 1457 rel
1376 1416 1396 1457 a
1417 1395 1510 1461 Luni

226 1506 366 1581 urgetur,
392 1494 587 1572 definiamus,
618 1494 851 1559 consideremus
878 1491 1018 1575 primum
1046 1497 1256 1583 peripheriam
1279 1496 1388 1565 circuli
1419 1503 1458 1567 M
1477 1505 1510 1568 N

226 1616 373 1690 tanquam
395 1626 435 1667 ex
454 1603 584 1669 materiai
602 1600 795 1690 homogenei
811 1622 886 1665 con-

225 1712 340 1787 flatam,
356 1711 443 1795 cujus
458 1722 566 1775 centro
582 1708 610 1773 P
624 1708 809 1789 verticaliter
824 1708 882 1769 im·

225 1817 342 1881 mineat
357 1816 412 1881 Sol
426 1814 475 1880 vel
490 1815 583 1880 Luna
597 1816 630 1879 in
643 1817 676 1893 S,
693 1816 737 1879 ita
747 1828 782 1879 ut
796 1825 882 1877 recta

227 1925 255 1989 P
271 1926 294 1990 S
312 1924 353 1989 sd
374 1926 504 2008 planum
518 1924 626 1989 circuli
649 1924 736 2005 ΜΝ
758 1924 796 1987 sit
810 1942 882 2006 per-

223 2033 441 2117 pendicularis.
483 2034 531 2099 Sit
545 2034 652 2099 circuli
667 2034 759 2120 hujus
775 2032 880 2096 radius

226 2138 820 2225 PM=y‚etdistannaSP=x‚
845 2160 882 2202 ac

224 2246 271 2309 vis
285 2245 349 2308 sive
366 2245 446 2309 Solis
458 2246 522 2309 sive
533 2245 635 2310 Lunoe
646 2244 787 2309 absoluta
800 2270 832 2305 =
848 2245 880 2309 S.
941 2314 968 2343 ι

225 2352 289 2417 His
297 2352 405 2437 positis
414 2352 598 2417 elementum
608 2352 793 2438 peripheriae
804 2352 881 2417 Mm

222 2460 355 2545 pelletur
379 2459 421 2523 ad
445 2460 470 2527 S
497 2460 530 2523 in
556 2460 727 2525 directione
754 2462 793 2527 M
809 2458 881 2527 Svi

547 2567 786 2633 S.S

221 2602 437 2670 acceleratrice
457 2630 489 2667 =
514 2657 610 2733 W
630 2656 661 2691 =
683 2690 706 2731 x
720 2690 742 2731 x
763 2680 795 2743 ψ
813 2653 879 2754 Π,

220 2772 321 2856 positi
337 2771 408 2838 crim
418 2775 449 2837 vi
463 2774 780 2861 gnavitan'snetumlis
791 2774 824 2835 in
836 2773 1000 2861 superficie
1011 2772 1122 2836 Terre
1138 2794 1171 2830 =
1190 2778 1218 2849 l,
1230 2769 1297 2835 trim
1308 2773 1401 2837 etiam
1413 2774 1504 2837 semi·

166 2914 170 2933 ·
221 2879 374 2945 diametro
395 2882 506 2950 Terrae
533 2908 565 2942 =
594 2891 607 2946 l
624 2906 633 2947 r
660 2896 751 2967 atque
772 2882 854 2945 hunc
874 2883 916 2946 ob
937 2903 1004 2976 rem
1026 2880 1215 2944 elementum
1239 2878 1279 2943 M
1293 2901 1326 2943 m
1347 2880 1456 2945 versus
1480 2884 1504 2947 S

219 3030 336 3095 nitetur
356 3030 387 3094 vi
407 3054 439 3091 =
457 2993 639 3180 Q
686 3031 874 3097 Resolvutur
887 3033 956 3097 haec
969 3031 1015 3095 vis
1037 3030 1070 3091 in
1084 3028 1174 3092 binas
1195 3028 1347 3108 laterales,
1370 3052 1503 3116 quarum

218 3200 344 3266 alterius
359 3201 490 3265 directio
505 3201 596 3267 cadat
614 3202 656 3303 in
670 3202 709 3267 M
726 3203 763 3279 P,
786 3203 913 3268 alterius
926 3202 1002 3267 verb
1016 3203 1056 3266 sit
1068 3200 1219 3286 parallelo
1231 3202 1394 3267 directioni
1418 3204 1502 3279 1³83

217 3324 310 3397 atque
336 3310 462 3375 evidens
488 3310 547 3375 erit
571 3311 651 3375 vires
677 3332 785 3375 omnes
809 3311 893 3377 MP
915 3332 974 3395 per
991 3322 1089 3373 totam
1110 3307 1319 3391 peripheriam
1339 3324 1373 3373 se
1390 3308 1501 3373 mutuo

217 3416 386 3493 destruere,
403 3416 571 3480 alteramm
588 3415 662 3479 verb
676 3416 811 3480 mediam
825 3416 1029 3480 directionem
1044 3412 1156 3479 cadere
1169 3414 1203 3475 in
1225 3414 1252 3477 P
1268 3417 1301 3492 S,
1324 3439 1361 3480 ac
1375 3416 1437 3479 vim
1451 3416 1501 3480 bis

217 3528 363 3591 omnibus
378 3528 614 3613 aequivalentem
628 3527 738 3591 iisdem
753 3528 943 3612 conjunctim
958 3525 1067 3589 sumtis
1075 3523 1142 3587 fore
1152 3524 1314 3609 aequalem.
1341 3524 1501 3589 Trahetur

215 3684 319 3737 autem
334 3670 522 3736 elementum
538 3670 577 3736 M
591 3694 622 3736 m
638 3676 671 3737 in
686 3672 857 3737 directione
876 3670 937 3756 ipsi
959 3670 987 3735 P
1004 3669 1027 3734 S
1041 3668 1188 3755 parallelo
1199 3671 1230 3735 ri
1244 3694 1276 3729 =
1291 3633 1355 3816 (8)ίὶ
1364 3632 1497 3817 1533,

212 3847 296 3911 unde
310 3845 412 3931 positi
428 3847 549 3912 ratione
564 3848 642 3913 radii
656 3848 697 3913 ad
711 3846 921 3933 peripherinm
941 3868 973 3904 =
995 3853 1010 3907 l
1034 3862 1044 3910 t
1064 3867 1086 3905 n
1099 3854 1165 3908 tota
1178 3842 1286 3906 circuli
1306 3838 1346 3906 M
1361 3838 1394 3905 N
1415 3840 1498 3923 peri-

210 3953 330 4039 pheria,
353 3974 424 4040 quse
446 3955 505 4018 erit
525 3978 557 4015 =
576 3980 597 4017 e
609 3980 640 4042 y,
656 3956 819 4043 urgebitur
840 3974 897 4017 seu
916 3950 1005 4037 qnasi
1025 3948 1192 4036 gravitabit
1206 3944 1314 4012 versus
1336 3948 1360 4011 S
1381 3946 1414 4010 in
1429 3946 1497 4029 ipsi

210 4102 380 4167 directione
396 4100 424 4165 P
441 4102 464 4166 S
478 4101 510 4166 vi
526 4126 558 4163 =
575 4172 610 4251 (x
621 4067 691 4241 ΣΞ
704 4086 775 4249 ῖζ)
788 4144 824 4242 ᾗ.
882 4098 941 4165 Vis
969 4110 1074 4164 autem
1106 4096 1307 4162 acceleratrix
1335 4096 1397 4182 qud
1426 4094 1497 4157 baec

207 4273 385 4359 peripheria
406 4272 513 4341 circuli
536 4271 644 4337 vereris
669 4273 692 4337 S
714 4272 939 4349 sollicitabitm,
960 4269 1109 4357 prodibit,
1132 4269 1219 4333 siris
1233 4269 1349 4335 motrix
1369 4268 1497 4331 inventa

359 4376 365 4389 ’
1342 4377 1365 4441 S
1379 4398 1401 4439 x

1259 4484 1325 4563 (xx
1339 4490 1371 4554 ÷
1384 4478 1479 4565 rue

254 4597 278 4675 §.
295 4600 346 4657 20.
371 4592 447 4657 Hoc
467 4592 639 4678 praemisso,
663 4590 910 4675 contemplemur
931 4588 1129 4673 superficiem
1150 4586 1334 4673 sphaericam
1354 4584 1493 4671 genitam

208 4422 364 4487 dividatur
377 4446 434 4509 per
448 4444 582 4487 massam
597 4422 793 4500 movendam,
805 4442 876 4508 quae
886 4434 935 4485 est
948 4442 980 4479 =
996 4444 1016 4479 c
1025 4440 1057 4504 y,
1073 4418 1193 4503 eritque
1209 4438 1241 4475 =
