3284 5517
152 400 265 467 Lissa
274 400 457 482 Teretina]
486 398 730 466 PRINCIPIA
751 395 1143 493 ΜΑιΤ-ΗΕΜΑΤῙΟΑυ
1387 406 1448 465 109

320 674 816 743 Puoroslrloxxxvu.
863 673 1124 741 PROBLEMA
1148 674 1280 740 XVIII.
1317 718 1321 730 .

466 891 606 957 hunde
617 892 678 955 vim
691 892 793 956 Lutra
805 894 850 955 ad
862 912 946 955 mare
958 892 1138 955 mouendum

197 1102 234 1188 (θ)
256 1104 313 1167 Vis
329 1102 431 1167 Luna
446 1101 488 1167 ad
501 1124 588 1167 mare
602 1101 792 1165 movendum
803 1100 981 1189 colligenda
994 1113 1096 1166 estex
1110 1101 1176 1185 ejus
1189 1102 1394 1185 proportione
1408 1101 1450 1167 ad

151 1212 216 1275 vim
231 1213 325 1289 Solis,
348 1225 381 1276 et
393 1211 467 1277 haeu
477 1212 644 1297 propende
653 1211 832 1298 ealligmrda
846 1224 896 1275 est
909 1234 949 1275 ex
963 1212 1167 1297 proportione
1180 1224 1323 1276 motuum
1342 1211 1447 1290 maris,

151 1322 207 1409 qai
218 1322 261 1402 ¹al)
275 1321 324 1385 his
339 1322 457 1386 viribus
470 1323 624 1386 oriuntur.
656 1323 741 1385 Ante
755 1321 968 1385 ostiumdnvii
982 1323 1105 1386 Avenae
1120 1322 1161 1385 ad
1175 1322 1312 1407 lapidem
1321 1322 1449 1387 tertium

151 1430 234 1494 infla
259 1430 453 1509 Briatolium,
480 1443 621 1515 tempore
646 1452 743 1494 verno
768 1442 801 1495 et
822 1432 995 1495 autumnali
1020 1444 1104 1497 tonis
1129 1452 1219 1518 aquae
1244 1452 1390 1495 amensus
1416 1430 1450 1494 in

152 1539 371 1624 conjunctione
384 1548 418 1602 et
430 1538 628 1623 oppositione
642 1537 853 1614 luminarium,
870 1536 1053 1603 observante
1070 1536 1215 1602 Samuele
1230 1538 1381 1615 Sturmio,
1402 1548 1450 1601 est

150 1645 269 1731 pedum
281 1646 354 1730 plns
367 1645 471 1709 minus
485 1653 539 1722 45,
562 1645 595 1707 in
611 1644 808 1730 quadraturis
824 1656 927 1709 autem
941 1658 989 1709 est
1003 1643 1119 1729 pedum
1133 1656 1253 1709 tantum
1269 1653 1320 1711 25.
1366 1644 1445 1709 Alti-
1570 1647 1579 1665 ⁸

151 1755 229 1819 tudo
249 1755 336 1840 prior
362 1752 545 1817 ex'summti
570 1753 694 1829 virium,
716 1752 871 1837 posterior
892 1774 932 1817 ex
957 1752 1126 1816 earundem
1148 1752 1321 1816 differentiis
1336 1752 1446 1817 orins,

153 1864 234 1930 Solis
256 1865 353 1951 igitur
378 1874 410 1927 et
436 1862 540 1927 Luna
561 1862 596 1925 in
621 1872 788 1946 aquatore·
805 1860 996 1925 versantium
1019 1856 1052 1925 et
1076 1860 1276 1925 mediocriter
1299 1884 1319 1925 a
1346 1858 1449 1925 Tertia

150 1971 534 2039 distantiumsuntovires
551 1969 677 2047 SetL,
700 1970 902 2046 eteritL÷
926 1970 1004 2035 Sad
1021 1970 1377 2046 L-suteradae,
1394 1991 1448 2033 seu

189 2078 229 2143 ad
266 2125 276 2142 .

151 2088 172 2145 9
194 2188 233 2253 In
245 2086 344 2274 {ortu
361 2186 524 2274 Plyrnutlri
538 2199 633 2251 aestus
647 2187 741 2251 maris
756 2206 798 2250 ex
811 2186 1028 2251 observatione
1045 2185 1197 2249 Samuelis
1213 2185 1391 2270 Colepressi
1406 2184 1447 2249 ad

150 2297 247 2383 pedes
259 2298 334 2382 plus
348 2297 451 2361 minus
462 2296 620 2361 sexdecim
631 2296 796 2361 altitudine
803 2296 955 2361 mediocri
970 2293 1129 2371 attollitur,
1146 2316 1182 2359 ac
1196 2304 1336 2379 tempore
1350 2315 1448 2359 verno

149 2416 183 2468 et
196 2403 369 2468 autumnali
382 2403 516 2467 altitudo
529 2401 624 2467 astris
639 2403 673 2465 in
688 2402 820 2489 syzygiis
836 2422 984 2487 superare
997 2412 1102 2485 potest
1122 2399 1318 2465 altitudinem
1334 2402 1400 2487 ejus
1414 2402 1447 2465 in

150 2510 350 2597 quadraturis
364 2508 498 2594 pedibus
512 2508 584 2594 plus
598 2521 718 2594 septem
731 2508 782 2571 vel
796 2520 878 2571 octo.
926 2508 960 2571 si
973 2508 1110 2569 maxima
1120 2504 1232 2569 harum
1248 2506 1446 2573 altitudinum

150 2616 325 2681 differentia
338 2616 379 2681 sit
392 2616 509 2701 pedum
523 2638 647 2693 novem,
665 2615 724 2679 erit
739 2614 769 2677 L
785 2625 818 2690 -Ι-
836 2614 859 2679 S
873 2613 915 2676 ad
930 2612 959 2678 L
974 2650 1018 2663 -
1033 2614 1057 2677 S
1071 2624 1107 2676 ut
1121 2616 1183 2695 2οῥ
1200 2612 1241 2676 ad
1257 2620 1317 2699 11}
1333 2638 1389 2679 seu
1403 2626 1442 2681 41

148 2723 190 2790 ad
205 2734 257 2791 28.
303 2724 386 2803 Quae
406 2726 571 2812 proportio
596 2724 669 2789 satis
685 2723 841 2811 congruit
866 2744 938 2787 oum
961 2724 1075 2815 priore.
1107 2722 1175 2786 ·Ob
1198 2724 1446 2811 magnitudinem

148 2834 243 2899 aestiu
263 2836 297 2898 in
319 2846 415 2918 portu
437 2834 604 2912 Bristoliae,
627 2832 895 2898 observationibus
920 2832 1049 2898 Sturmii
1072 2831 1171 2919 magis
1194 2832 1356 2897 fidendum
1379 2858 1446 2901 esse

149 2944 284 3021 videtur,
307 2944 442 3030 ideoque
456 2944 558 3009 donec
579 2942 698 3030 aliquid
711 2944 825 3009 certius
839 2942 1029 3021 constiterit,
1053 2942 1289 3027 proportionem
1315 2954 1334 3013 9
1360 2945 1402 3011 ad
1423 2954 1443 3012 5

147 3051 376 3137 usurpabimus.
424 3095 428 3103 ·

193 3162 354 3225 Caeterum
367 3160 410 3225 ob
424 3184 577 3248 aquarum
591 3163 770 3247 reciprocos
783 3173 898 3241 motus,
925 3174 1019 3227 aestus
1033 3161 1163 3225 maximi
1177 3182 1241 3224 non
1256 3160 1398 3227 incidunt
1410 3162 1445 3227 in

146 3269 232 3353 ipsas
245 3267 447 3333 luminarium
462 3268 612 3356 syzygias,
636 3268 787 3333 sedeunt
808 3267 892 3333 tertii
913 3290 932 3331 a
953 3267 1085 3355 syzygiis
1109 3279 1143 3331 ut
1164 3264 1282 3331 dictum
1296 3264 1363 3345 fuit,
1388 3292 1444 3335 seu

146 3376 291 3463 proxime
306 3388 480 3464 sequuntur
493 3379 621 3443 tertium
637 3378 738 3443 Lunae
752 3392 824 3463 post
839 3379 978 3465 syzygias
1001 3378 1167 3463 appulsum
1181 3376 1220 3440 ad
1236 3378 1442 3443 meridianum

146 3484 218 3562 loci,
242 3485 292 3548 vel
306 3486 412 3570 potius
438 3489 488 3570 (ut
501 3508 521 3548 a
537 3485 679 3550 Sturmio
689 3485 829 3564 notatur)
854 3496 926 3548 sunt
941 3482 1024 3548 tertii
1038 3493 1111 3567 poet
1124 3482 1206 3546 diem
1227 3483 1378 3546 novilunii
1393 3484 1442 3550 vel

145 3574 322 3678 premunt,
337 3594 394 3659 aa
407 3607 480 3679 post
493 3594 605 3659 noram
626 3618 645 3657 a
665 3594 827 3659 novennio
842 3593 891 3658 ver
905 3592 1077 3678 plenilunio
1091 3592 1162 3677 pus
1176 3592 1279 3657 mnus
1293 3592 1441 3659 duodeci-

145 3726 240 3781 mam,
264 3702 399 3790 idedque
412 3704 556 3770 incidunt
578 3704 611 3767 in
635 3702 746 3769 horam
769 3728 790 3768 a
813 3704 974 3769 novilunio
989 3703 1038 3769 vel
1051 3702 1225 3787 plenilunio
1245 3704 1316 3788 plus
1338 3706 1441 3767 minus

146 3812 416 3901 quadragesimam
436 3815 569 3879 tertiam.
615 3812 764 3879 Incidunt
778 3814 854 3879 verd
868 3816 900 3879 in
915 3816 977 3879 hoc
990 3827 1084 3900 portu
1098 3815 1131 3879 in
1145 3814 1257 3879 horam
1279 3814 1441 3899 septimam

145 3922 269 3986 circiter
282 3922 323 3986 ab
338 3923 472 4007 appulsu
483 3924 586 3988 Lunae
600 3924 642 3989 ad
656 3924 863 3989 meridianum
871 3924 951 4002 loci3
967 3926 1101 4012 ideoque
1110 3924 1254 4009 proxime
1269 3938 1441 4011 sequuntur

142 4030 309 4113 appulsum
325 4029 428 4094 Lunoe
449 4030 489 4095 ad
510 4030 727 4109 meridianum,
750 4032 806 4097 ubi
829 4032 922 4097 Luna
936 4030 1071 4097 distata
1094 4030 1168 4096 Sole
1191 4030 1239 4095 vel
1254 4031 1295 4095 ab
1310 4031 1439 4116 'opposi-

142 4140 228 4205 tione
240 4140 321 4205 solis
330 4139 479 4227 gradibus
489 4140 561 4225 plus
572 4143 676 4205 minus
684 4142 860 4208 octodecim
870 4141 921 4207 vel
930 4141 1143 4207 novemdecim
1158 4143 1191 4205 in
1208 4142 1437 4227 consequentia.

142 4247 252 4313 AEstas
266 4259 299 4310 et
312 4247 421 4332 hyems
435 4247 571 4312 maxine
586 4249 702 4339 vigent,
724 4270 789 4321 non
804 4250 838 4313 in
853 4251 927 4333 ipsis
943 4250 1089 4327 solstitiis,
1113 4248 1168 4313 sed
1190 4249 1244 4312 ubi
1269 4247 1323 4314 Sol
1345 4249 1438 4313 distat

141 4380 162 4420 a
175 4353 315 4419 solstitiis
330 4350 451 4417 decimi
474 4353 596 4417 circitor
609 4366 698 4439 parte
719 4356 815 4421 totius
830 4355 985 4433 circuitus,
1009 4377 1064 4419 seu
1078 4354 1226 4442 gradibus
1241 4354 1312 4439 plus
1333 4356 1437 4419 minus

143 4470 184 4527 36
200 4460 249 4525 vel
265 4468 317 4529 ³7.
363 4458 407 4523 Et
421 4458 561 4524 similiter
575 4462 731 4524 maximus
745 4474 840 4525 aestns
855 4461 948 4525 maris
964 4462 1063 4525 oritur
1077 4462 1117 4525 ab
1126 4458 1264 4545 'appulsu
1280 4460 1382 4523 Lunae
1395 4460 1434 4525 ad

173 4651 207 4716 (⁸)
229 4656 390 4703 *mam
404 4658 436 4703 aa
450 4670 516 4703 mre
530 4658 679 4704 mamam
715 4655 771 4703 vna
790 4655 890 4704 amna
908 4664 932 4703 e
952 4656 1022 4717 aaa
1046 4656 1095 4703 rx.
1115 4656 1140 4702 n
1162 4644 1331 4703 amatam
1347 4652 1433 4703 eluta

144 4716 202 4777 Cap.
215 4717 260 4766 VI·
269 4733 335 4766 aum.
350 4724 386 4767 to
401 4719 426 4766 in
439 4719 608 4768 Iti-amicae
618 4719 705 4767 ὠτία·
715 4720 773 4769 Ber-
807 4718 959 4769 Muclaurini.

762 4806 817 4853 na
