<?xml version="1.0" encoding="UTF-8"?>
<!DOCTYPE html PUBLIC "-//W3C//DTD XHTML 1.0 Transitional//EN"
    "http://www.w3.org/TR/xhtml1/DTD/xhtml1-transitional.dtd">
<html xmlns="http://www.w3.org/1999/xhtml" xml:lang="en" lang="en">
 <head>
  <title>
</title>
<meta http-equiv="Content-Type" content="text/html;charset=utf-8" />
  <meta name='ocr-system' content='tesseract 3.04.00' />
  <meta name='ocr-capabilities' content='ocr_page ocr_carea ocr_par ocr_line ocrx_word'/>
</head>
<body>
  <div class='ocr_page' id='page_1' title='image "./philosophinatur01wriggoog_0357.png"; bbox 0 0 3284 5517; ppageno 0'>
   <div class='ocr_carea' id='block_1_1' title="bbox 179 309 1217 387">
    <p class='ocr_par' dir='ltr' id='par_1_1' title="bbox 179 309 1217 387">
     <span class='ocr_line' id='line_1_1' title="bbox 179 309 1217 387; baseline 0.013 -15"><span class='ocrx_word' id='word_1_1' title='bbox 179 315 242 372; x_wconf 77' lang='lat'><strong>³14</strong></span> <span class='ocrx_word' id='word_1_2' title='bbox 431 309 698 387; x_wconf 83' lang='lat' dir='ltr'><strong>INQUISITIO</strong></span> <span class='ocrx_word' id='word_1_3' title='bbox 719 312 925 384; x_wconf 86' lang='lat' dir='ltr'><strong>PHYSICA</strong></span> <span class='ocrx_word' id='word_1_4' title='bbox 948 317 1000 384; x_wconf 91' lang='lat' dir='ltr'><strong>IN</strong></span> <span class='ocrx_word' id='word_1_5' title='bbox 1013 319 1217 387; x_wconf 67' lang='lat' dir='ltr'>‘CAUSAM</span> 
     </span>
    </p>
   </div>
   <div class='ocr_carea' id='block_1_2' title="bbox 175 485 1464 684">
    <p class='ocr_par' dir='ltr' id='par_1_2' title="bbox 175 485 1464 684">
     <span class='ocr_line' id='line_1_2' title="bbox 175 485 1464 579; baseline 0.019 -35"><span class='ocrx_word' id='word_1_6' title='bbox 175 492 227 546; x_wconf 89' lang='lat' dir='ltr'><strong>tur</strong></span> <span class='ocrx_word' id='word_1_7' title='bbox 239 509 275 538; x_wconf 63' lang='grc' dir='ltr'><strong>ε</strong></span> <span class='ocrx_word' id='word_1_8' title='bbox 289 503 321 557; x_wconf 84' lang='lat' dir='ltr'><strong>x,</strong></span> <span class='ocrx_word' id='word_1_9' title='bbox 338 485 462 548; x_wconf 88' lang='lat' dir='ltr'><strong>cosinus</strong></span> <span class='ocrx_word' id='word_1_10' title='bbox 476 513 512 541; x_wconf 84' lang='lat'><em>=</em></span> <span class='ocrx_word' id='word_1_11' title='bbox 525 507 556 570; x_wconf 87' lang='lat' dir='ltr'><strong>y,</strong></span> <span class='ocrx_word' id='word_1_12' title='bbox 579 509 617 554; x_wconf 88' lang='lat' dir='ltr'><strong>ac</strong></span> <span class='ocrx_word' id='word_1_13' title='bbox 639 491 780 555; x_wconf 73' lang='lat' dir='ltr'><strong>celeritas</strong></span> <span class='ocrx_word' id='word_1_14' title='bbox 806 515 899 578; x_wconf 85' lang='lat' dir='ltr'><strong>quam</strong></span> <span class='ocrx_word' id='word_1_15' title='bbox 915 515 996 579; x_wconf 87' lang='lat' dir='ltr'><strong>aqua</strong></span> <span class='ocrx_word' id='word_1_16' title='bbox 1010 495 1042 557; x_wconf 92' lang='lat' dir='ltr'><strong>in</strong></span> <span class='ocrx_word' id='word_1_17' title='bbox 1059 495 1098 559; x_wconf 92' lang='lat' dir='ltr'>M</span> <span class='ocrx_word' id='word_1_18' title='bbox 1121 493 1224 572; x_wconf 82' lang='lat' dir='ltr'><strong>hebet,</strong></span> <span class='ocrx_word' id='word_1_19' title='bbox 1246 496 1354 566; x_wconf 79' lang='lat' dir='ltr'><strong>versus</strong></span> <span class='ocrx_word' id='word_1_20' title='bbox 1375 521 1464 568; x_wconf 81' lang='lat' dir='ltr'><strong>occa·</strong></span> 
     </span>
     <span class='ocr_line' id='line_1_3' title="bbox 176 592 1462 684; baseline 0.013 -26"><span class='ocrx_word' id='word_1_21' title='bbox 176 613 245 658; x_wconf 84' lang='lat' dir='ltr'><strong>sum</strong></span> <span class='ocrx_word' id='word_1_22' title='bbox 265 619 300 649; x_wconf 63' lang='grc' dir='ltr'><strong>τ-</strong></span> <span class='ocrx_word' id='word_1_23' title='bbox 322 593 418 656; x_wconf 89' lang='lat' dir='ltr'><strong>uerit</strong></span> <span class='ocrx_word' id='word_1_24' title='bbox 438 592 497 660; x_wconf 90' lang='lat' dir='ltr'><strong>du</strong></span> <span class='ocrx_word' id='word_1_25' title='bbox 519 609 556 660; x_wconf 93' lang='lat' dir='ltr'><strong>ut</strong></span> <span class='ocrx_word' id='word_1_26' title='bbox 576 605 634 662; x_wconf 65' lang='grc' dir='ltr'><strong>ΩΧ</strong></span> <span class='ocrx_word' id='word_1_27' title='bbox 647 621 678 684; x_wconf 81' lang='lat' dir='ltr'><strong>y.</strong></span> <span class='ocrx_word' id='word_1_28' title='bbox 725 598 808 665; x_wconf 86' lang='lat' dir='ltr'><strong>Crim</strong></span> <span class='ocrx_word' id='word_1_29' title='bbox 830 613 933 666; x_wconf 88' lang='lat' dir='ltr'><strong>autem</strong></span> <span class='ocrx_word' id='word_1_30' title='bbox 955 602 1142 668; x_wconf 91' lang='lat' dir='ltr'><strong>elementum</strong></span> <span class='ocrx_word' id='word_1_31' title='bbox 1157 604 1248 670; x_wconf 83' lang='lat' dir='ltr'><strong>aretis</strong></span> <span class='ocrx_word' id='word_1_32' title='bbox 1263 608 1295 671; x_wconf 84' lang='grc' dir='ltr'><strong>Δ</strong></span> <span class='ocrx_word' id='word_1_33' title='bbox 1311 605 1351 674; x_wconf 85' lang='grc' dir='ltr'><strong>Μ</strong></span> <span class='ocrx_word' id='word_1_34' title='bbox 1373 609 1412 673; x_wconf 90' lang='lat' dir='ltr'><strong>sit</strong></span> <span class='ocrx_word' id='word_1_35' title='bbox 1427 623 1462 675; x_wconf 90' lang='lat' dir='ltr'><strong>ut</strong></span> 
     </span>
    </p>
   </div>
   <div class='ocr_carea' id='block_1_3' title="bbox 174 704 1458 836">
    <p class='ocr_par' dir='ltr' id='par_1_3' title="bbox 174 704 1458 836">
     <span class='ocr_line' id='line_1_4' title="bbox 174 704 1458 836; baseline 0.015 -31"><span class='ocrx_word' id='word_1_36' title='bbox 174 704 261 819; x_wconf 54' lang='lat'><strong>{33</strong></span> <span class='ocrx_word' id='word_1_37' title='bbox 283 765 356 808; x_wconf 91' lang='lat' dir='ltr'><strong>nam</strong></span> <span class='ocrx_word' id='word_1_38' title='bbox 378 745 511 831; x_wconf 80' lang='lat' dir='ltr'><strong>figuram</strong></span> <span class='ocrx_word' id='word_1_39' title='bbox 531 745 629 810; x_wconf 88' lang='lat' dir='ltr'><strong>instar</strong></span> <span class='ocrx_word' id='word_1_40' title='bbox 652 748 760 814; x_wconf 91' lang='lat' dir='ltr'><strong>circuli</strong></span> <span class='ocrx_word' id='word_1_41' title='bbox 780 749 971 820; x_wconf 83' lang='lat' dir='ltr'><strong>considerari</strong></span> <span class='ocrx_word' id='word_1_42' title='bbox 991 749 1080 817; x_wconf 87' lang='lat' dir='ltr'><strong>licet:</strong></span> <span class='ocrx_word' id='word_1_43' title='bbox 1103 753 1162 816; x_wconf 88' lang='lat' dir='ltr'><strong>erit</strong></span> <span class='ocrx_word' id='word_1_44' title='bbox 1183 753 1243 819; x_wconf 89' lang='lat' dir='ltr'><strong>da</strong></span> <span class='ocrx_word' id='word_1_45' title='bbox 1262 765 1299 818; x_wconf 92' lang='lat' dir='ltr'><strong>ut</strong></span> <span class='ocrx_word' id='word_1_46' title='bbox 1315 763 1336 820; x_wconf 76' lang='lat'>2</span> <span class='ocrx_word' id='word_1_47' title='bbox 1350 777 1374 822; x_wconf 87' lang='lat' dir='ltr'>x</span> <span class='ocrx_word' id='word_1_48' title='bbox 1388 755 1458 836; x_wconf 84' lang='lat' dir='ltr'><strong>dx,</strong></span> 
     </span>
    </p>
   </div>
   <div class='ocr_carea' id='block_1_4' title="bbox 109 829 856 2290">
    <p class='ocr_par' dir='ltr' id='par_1_4' title="bbox 199 829 223 893">
     <span class='ocr_line' id='line_1_5' title="bbox 199 829 223 893; baseline 0 0"><span class='ocrx_word' id='word_1_49' title='bbox 199 829 223 893; x_wconf 77' lang='grc'><strong>8</strong></span> 
     </span>
    </p>

    <p class='ocr_par' dir='ltr' id='par_1_5' title="bbox 174 917 752 1213">
     <span class='ocr_line' id='line_1_6' title="bbox 177 917 752 1006; baseline 0.012 -29"><span class='ocrx_word' id='word_1_50' title='bbox 177 924 271 999; x_wconf 84' lang='lat' dir='ltr'><strong>atque</strong></span> <span class='ocrx_word' id='word_1_51' title='bbox 293 935 316 979; x_wconf 96' lang='lat' dir='ltr'><strong>u</strong></span> <span class='ocrx_word' id='word_1_52' title='bbox 341 917 576 1001; x_wconf 74' lang='lat' dir='ltr'><strong>proportionale</strong></span> <span class='ocrx_word' id='word_1_53' title='bbox 604 920 665 984; x_wconf 86' lang='lat' dir='ltr'><strong>erit</strong></span> <span class='ocrx_word' id='word_1_54' title='bbox 692 921 752 1006; x_wconf 87' lang='lat' dir='ltr'><strong>ipai</strong></span> 
     </span>
     <span class='ocr_line' id='line_1_7' title="bbox 174 1025 750 1113; baseline 0.019 -31"><span class='ocrx_word' id='word_1_55' title='bbox 174 1027 351 1086; x_wconf 61' lang='lat' dir='ltr'><strong>dxx-1</strong></span> <span class='ocrx_word' id='word_1_56' title='bbox 370 1025 522 1109; x_wconf 64' lang='lat' dir='ltr'><strong>ejusmodi</strong></span> <span class='ocrx_word' id='word_1_57' title='bbox 540 1025 659 1113; x_wconf 80' lang='lat' dir='ltr'><strong>adjecta</strong></span> <span class='ocrx_word' id='word_1_58' title='bbox 673 1049 750 1092; x_wconf 89' lang='lat' dir='ltr'><strong>con·</strong></span> 
     </span>
     <span class='ocr_line' id='line_1_8' title="bbox 174 1129 747 1213; baseline 0.024 -25"><span class='ocrx_word' id='word_1_59' title='bbox 174 1137 285 1204; x_wconf 81' lang='lat' dir='ltr'><strong>stante,</strong></span> <span class='ocrx_word' id='word_1_60' title='bbox 301 1140 336 1193; x_wconf 92' lang='lat' dir='ltr'><strong>ut</strong></span> <span class='ocrx_word' id='word_1_61' title='bbox 349 1129 404 1193; x_wconf 92' lang='lat' dir='ltr'><strong>ubi</strong></span> <span class='ocrx_word' id='word_1_62' title='bbox 417 1131 457 1197; x_wconf 92' lang='lat' dir='ltr'>M</span> <span class='ocrx_word' id='word_1_63' title='bbox 465 1153 497 1194; x_wconf 91' lang='lat' dir='ltr'><strong>m</strong></span> <span class='ocrx_word' id='word_1_64' title='bbox 508 1145 556 1197; x_wconf 88' lang='lat' dir='ltr'><strong>est</strong></span> <span class='ocrx_word' id='word_1_65' title='bbox 566 1135 747 1213; x_wconf 85' lang='lat' dir='ltr'><strong>martimum,</strong></span> 
     </span>
    </p>

    <p class='ocr_par' dir='ltr' id='par_1_6' title="bbox 173 1230 749 1305">
     <span class='ocr_line' id='line_1_9' title="bbox 173 1230 749 1305; baseline 0.019 -11"><span class='ocrx_word' id='word_1_66' title='bbox 173 1230 218 1296; x_wconf 90' lang='lat' dir='ltr'><strong>ibi</strong></span> <span class='ocrx_word' id='word_1_67' title='bbox 232 1233 373 1301; x_wconf 77' lang='lat' dir='ltr'><strong>celeritas</strong></span> <span class='ocrx_word' id='word_1_68' title='bbox 387 1250 558 1302; x_wconf 83' lang='lat' dir='ltr'><strong>evanescat.</strong></span> <span class='ocrx_word' id='word_1_69' title='bbox 597 1239 749 1305; x_wconf 89' lang='lat' dir='ltr'><strong>Hancob</strong></span> 
     </span>
    </p>

    <p class='ocr_par' dir='ltr' id='par_1_7' title="bbox 171 1339 856 1862">
     <span class='ocr_line' id='line_1_10' title="bbox 175 1339 751 1430; baseline 0.014 -29"><span class='ocrx_word' id='word_1_70' title='bbox 175 1358 241 1401; x_wconf 90' lang='lat' dir='ltr'><strong>rem</strong></span> <span class='ocrx_word' id='word_1_71' title='bbox 265 1340 325 1404; x_wconf 91' lang='lat' dir='ltr'><strong>erit</strong></span> <span class='ocrx_word' id='word_1_72' title='bbox 349 1339 491 1406; x_wconf 84' lang='lat' dir='ltr'><strong>celeritas</strong></span> <span class='ocrx_word' id='word_1_73' title='bbox 516 1343 549 1406; x_wconf 92' lang='lat' dir='ltr'><strong>in</strong></span> <span class='ocrx_word' id='word_1_74' title='bbox 573 1344 644 1407; x_wconf 90' lang='lat' dir='ltr'><strong>loco</strong></span> <span class='ocrx_word' id='word_1_75' title='bbox 668 1366 751 1430; x_wconf 84' lang='lat' dir='ltr'><strong>quo·</strong></span> 
     </span>
     <span class='ocr_line' id='line_1_11' title="bbox 171 1447 747 1538; baseline 0.014 -27"><span class='ocrx_word' id='word_1_76' title='bbox 171 1468 296 1533; x_wconf 89' lang='lat' dir='ltr'><strong>cunque</strong></span> <span class='ocrx_word' id='word_1_77' title='bbox 324 1447 374 1526; x_wconf 88' lang='lat' dir='ltr'><strong>M,</strong></span> <span class='ocrx_word' id='word_1_78' title='bbox 405 1473 499 1536; x_wconf 86' lang='lat' dir='ltr'><strong>quam</strong></span> <span class='ocrx_word' id='word_1_79' title='bbox 527 1473 612 1538; x_wconf 74' lang='lat' dir='ltr'><strong>aqua</strong></span> <span class='ocrx_word' id='word_1_80' title='bbox 637 1451 747 1519; x_wconf 71' lang='lat' dir='ltr'><strong>vesta</strong></span> 
     </span>
     <span class='ocr_line' id='line_1_12' title="bbox 171 1556 856 1647; baseline 0.012 -27"><span class='ocrx_word' id='word_1_81' title='bbox 171 1556 366 1622; x_wconf 87' lang='lat' dir='ltr'><strong>occidentem</strong></span> <span class='ocrx_word' id='word_1_82' title='bbox 387 1558 523 1636; x_wconf 82' lang='lat' dir='ltr'><strong>habebit,</strong></span> <span class='ocrx_word' id='word_1_83' title='bbox 550 1561 597 1624; x_wconf 90' lang='lat' dir='ltr'><strong>uti</strong></span> <span class='ocrx_word' id='word_1_84' title='bbox 621 1563 746 1627; x_wconf 88' lang='lat' dir='ltr'><strong>ooainua</strong></span> <span class='ocrx_word' id='word_1_85' title='bbox 855 1644 856 1647; x_wconf 8' lang='grc' dir='ltr'><strong>Ἴ</strong></span> 
     </span>
     <span class='ocr_line' id='line_1_13' title="bbox 174 1637 846 1754; baseline 0.012 -24"><span class='ocrx_word' id='word_1_86' title='bbox 174 1664 265 1750; x_wconf 91' lang='lat' dir='ltr'><strong>dupli</strong></span> <span class='ocrx_word' id='word_1_87' title='bbox 285 1665 392 1754; x_wconf 80' lang='lat' dir='ltr'><strong>anguli</strong></span> <span class='ocrx_word' id='word_1_88' title='bbox 417 1665 457 1732; x_wconf 90' lang='lat' dir='ltr'>M</span> <span class='ocrx_word' id='word_1_89' title='bbox 473 1669 501 1730; x_wconf 91' lang='lat' dir='ltr'>C</span> <span class='ocrx_word' id='word_1_90' title='bbox 517 1670 558 1733; x_wconf 89' lang='lat' dir='ltr'><strong>A.</strong></span> <span class='ocrx_word' id='word_1_91' title='bbox 603 1669 748 1736; x_wconf 82' lang='lat' dir='ltr'><strong>Maxima</strong></span> <span class='ocrx_word' id='word_1_92' title='bbox 811 1637 846 1719; x_wconf 69' lang='lat' dir='ltr'>D</span> 
     </span>
     <span class='ocr_line' id='line_1_14' title="bbox 172 1773 745 1862; baseline 0.007 -23"><span class='ocrx_word' id='word_1_93' title='bbox 172 1773 269 1861; x_wconf 75' lang='lat' dir='ltr'><strong>igitur</strong></span> <span class='ocrx_word' id='word_1_94' title='bbox 281 1799 372 1862; x_wconf 85' lang='lat' dir='ltr'><strong>squae</strong></span> <span class='ocrx_word' id='word_1_95' title='bbox 386 1777 527 1841; x_wconf 76' lang='lat' dir='ltr'><strong>celeritas</strong></span> <span class='ocrx_word' id='word_1_96' title='bbox 541 1777 648 1843; x_wconf 83' lang='lat' dir='ltr'><strong>vereda</strong></span> <span class='ocrx_word' id='word_1_97' title='bbox 663 1780 745 1845; x_wconf 87' lang='lat' dir='ltr'><strong>occi·</strong></span> 
     </span>
    </p>

    <p class='ocr_par' dir='ltr' id='par_1_8' title="bbox 109 1880 744 1972">
     <span class='ocr_line' id='line_1_15' title="bbox 109 1880 744 1972; baseline 0.003 -23"><span class='ocrx_word' id='word_1_98' title='bbox 109 1940 114 1949; x_wconf 94' lang='lat'>.</span> <span class='ocrx_word' id='word_1_99' title='bbox 169 1880 295 1946; x_wconf 89' lang='lat' dir='ltr'><strong>dentem</strong></span> <span class='ocrx_word' id='word_1_100' title='bbox 310 1883 370 1947; x_wconf 88' lang='lat' dir='ltr'><strong>erit</strong></span> <span class='ocrx_word' id='word_1_101' title='bbox 383 1884 416 1946; x_wconf 92' lang='lat' dir='ltr'><strong>in</strong></span> <span class='ocrx_word' id='word_1_102' title='bbox 431 1884 468 1947; x_wconf 90' lang='lat' dir='ltr'><strong>iis</strong></span> <span class='ocrx_word' id='word_1_103' title='bbox 482 1884 568 1962; x_wconf 89' lang='lat' dir='ltr'><strong>locis,</strong></span> <span class='ocrx_word' id='word_1_104' title='bbox 584 1886 744 1972; x_wconf 87' lang='lat' dir='ltr'><strong>inquibus</strong></span> 
     </span>
    </p>

    <p class='ocr_par' dir='ltr' id='par_1_9' title="bbox 169 1992 746 2074">
     <span class='ocr_line' id='line_1_16' title="bbox 169 1992 746 2074; baseline 0.012 -23"><span class='ocrx_word' id='word_1_105' title='bbox 169 2010 252 2074; x_wconf 91' lang='lat' dir='ltr'><strong>aqua</strong></span> <span class='ocrx_word' id='word_1_106' title='bbox 272 1992 407 2056; x_wconf 76' lang='lat' dir='ltr'><strong>maxime</strong></span> <span class='ocrx_word' id='word_1_107' title='bbox 429 2006 476 2056; x_wconf 90' lang='lat' dir='ltr'><strong>est</strong></span> <span class='ocrx_word' id='word_1_108' title='bbox 498 1992 634 2071; x_wconf 79' lang='lat' dir='ltr'><strong>elevata3</strong></span> <span class='ocrx_word' id='word_1_109' title='bbox 656 1993 746 2058; x_wconf 89' lang='lat' dir='ltr'><strong>huic-</strong></span> 
     </span>
    </p>

    <p class='ocr_par' dir='ltr' id='par_1_10' title="bbox 171 2099 744 2186">
     <span class='ocr_line' id='line_1_17' title="bbox 171 2099 744 2186; baseline 0.01 -26"><span class='ocrx_word' id='word_1_110' title='bbox 171 2117 233 2182; x_wconf 89' lang='lat' dir='ltr'><strong>que</strong></span> <span class='ocrx_word' id='word_1_111' title='bbox 247 2099 395 2162; x_wconf 84' lang='lat' dir='ltr'><strong>celeritati</strong></span> <span class='ocrx_word' id='word_1_112' title='bbox 410 2099 537 2186; x_wconf 81' lang='lat' dir='ltr'><strong>oequalis</strong></span> <span class='ocrx_word' id='word_1_113' title='bbox 552 2113 599 2164; x_wconf 89' lang='lat' dir='ltr'><strong>est</strong></span> <span class='ocrx_word' id='word_1_114' title='bbox 612 2123 659 2177; x_wconf 90' lang='lat' dir='ltr'><strong>ea,</strong></span> <span class='ocrx_word' id='word_1_115' title='bbox 682 2099 744 2186; x_wconf 83' lang='lat' dir='ltr'><strong>qut</strong></span> 
     </span>
    </p>

    <p class='ocr_par' dir='ltr' id='par_1_11' title="bbox 170 2188 816 2290">
     <span class='ocr_line' id='line_1_18' title="bbox 170 2188 816 2290; baseline 0.006 -22"><span class='ocrx_word' id='word_1_116' title='bbox 170 2227 251 2290; x_wconf 86' lang='lat' dir='ltr'><strong>aqua</strong></span> <span class='ocrx_word' id='word_1_117' title='bbox 265 2207 298 2268; x_wconf 92' lang='lat' dir='ltr'><strong>in</strong></span> <span class='ocrx_word' id='word_1_118' title='bbox 313 2206 388 2270; x_wconf 90' lang='lat' dir='ltr'><strong>locis</strong></span> <span class='ocrx_word' id='word_1_119' title='bbox 404 2206 458 2270; x_wconf 92' lang='lat' dir='ltr'><strong>ubi</strong></span> <span class='ocrx_word' id='word_1_120' title='bbox 478 2206 614 2272; x_wconf 71' lang='lat' dir='ltr'><strong>maxime</strong></span> <span class='ocrx_word' id='word_1_121' title='bbox 628 2221 676 2271; x_wconf 87' lang='lat' dir='ltr'><strong>est</strong></span> <span class='ocrx_word' id='word_1_122' title='bbox 689 2207 745 2272; x_wconf 89' lang='lat' dir='ltr'><strong>de·</strong></span> <span class='ocrx_word' id='word_1_123' title='bbox 786 2188 816 2242; x_wconf 57' lang='grc' dir='ltr'>α</span> 
     </span>
    </p>
   </div>
   <div class='ocr_carea' id='block_1_5' title="bbox 150 2531 1457 4667">
    <p class='ocr_par' dir='ltr' id='par_1_12' title="bbox 170 2531 746 2616">
     <span class='ocr_line' id='line_1_19' title="bbox 170 2531 746 2616; baseline 0.003 -23"><span class='ocrx_word' id='word_1_124' title='bbox 170 2531 238 2593; x_wconf 87' lang='lat' dir='ltr'><strong>fieri</strong></span> <span class='ocrx_word' id='word_1_125' title='bbox 253 2531 473 2614; x_wconf 84' lang='lat' dir='ltr'><strong>concipiamus,</strong></span> <span class='ocrx_word' id='word_1_126' title='bbox 489 2553 563 2597; x_wconf 88' lang='lat' dir='ltr'><strong>nam</strong></span> <span class='ocrx_word' id='word_1_127' title='bbox 577 2533 611 2596; x_wconf 94' lang='lat' dir='ltr'><strong>in</strong></span> <span class='ocrx_word' id='word_1_128' title='bbox 621 2533 746 2616; x_wconf 74' lang='lat' dir='ltr'><strong>sphaera</strong></span> 
     </span>
    </p>

    <p class='ocr_par' dir='ltr' id='par_1_13' title="bbox 165 2637 742 2722">
     <span class='ocr_line' id='line_1_20' title="bbox 165 2637 742 2722; baseline 0.005 -22"><span class='ocrx_word' id='word_1_129' title='bbox 165 2650 269 2700; x_wconf 83' lang='lat' dir='ltr'><strong>motus</strong></span> <span class='ocrx_word' id='word_1_130' title='bbox 296 2637 487 2722; x_wconf 89' lang='lat' dir='ltr'><strong>aliquantum</strong></span> <span class='ocrx_word' id='word_1_131' title='bbox 509 2638 648 2702; x_wconf 79' lang='lat' dir='ltr'><strong>diversus</strong></span> <span class='ocrx_word' id='word_1_132' title='bbox 673 2639 742 2715; x_wconf 85' lang='lat' dir='ltr'><strong>erit,</strong></span> 
     </span>
    </p>

    <p class='ocr_par' dir='ltr' id='par_1_14' title="bbox 160 2741 1457 3915">
     <span class='ocr_line' id='line_1_21' title="bbox 166 2741 1451 2839; baseline 0.009 -34"><span class='ocrx_word' id='word_1_133' title='bbox 166 2741 222 2806; x_wconf 88' lang='lat' dir='ltr'><strong>sed</strong></span> <span class='ocrx_word' id='word_1_134' title='bbox 247 2755 351 2805; x_wconf 84' lang='lat' dir='ltr'><strong>tamen</strong></span> <span class='ocrx_word' id='word_1_135' title='bbox 373 2741 447 2806; x_wconf 91' lang='lat' dir='ltr'><strong>hinc</strong></span> <span class='ocrx_word' id='word_1_136' title='bbox 466 2743 598 2830; x_wconf 80' lang='lat' dir='ltr'><strong>intelligi</strong></span> <span class='ocrx_word' id='word_1_137' title='bbox 620 2745 742 2827; x_wconf 86' lang='lat' dir='ltr'><strong>poterit.</strong></span> <span class='ocrx_word' id='word_1_138' title='bbox 787 2745 834 2808; x_wconf 81' lang='lat' dir='ltr'><strong>At</strong></span> <span class='ocrx_word' id='word_1_139' title='bbox 853 2743 887 2806; x_wconf 91' lang='lat' dir='ltr'><strong>in</strong></span> <span class='ocrx_word' id='word_1_140' title='bbox 908 2743 984 2809; x_wconf 83' lang='lat' dir='ltr'><strong>locis</strong></span> <span class='ocrx_word' id='word_1_141' title='bbox 1005 2765 1077 2831; x_wconf 80' lang='lat' dir='ltr'><strong>quta</strong></span> <span class='ocrx_word' id='word_1_142' title='bbox 1098 2745 1138 2811; x_wconf 81' lang='lat' dir='ltr'><strong>ab</strong></span> <span class='ocrx_word' id='word_1_143' title='bbox 1160 2746 1237 2814; x_wconf 77' lang='lat' dir='ltr'><strong>Aet</strong></span> <span class='ocrx_word' id='word_1_144' title='bbox 1252 2749 1281 2814; x_wconf 89' lang='lat' dir='ltr'><strong>B</strong></span> <span class='ocrx_word' id='word_1_145' title='bbox 1298 2759 1340 2816; x_wconf 76' lang='lat'><strong>45</strong></span> <span class='ocrx_word' id='word_1_146' title='bbox 1361 2750 1451 2839; x_wconf 78' lang='lat' dir='ltr'><strong>grad.</strong></span> 
     </span>
     <span class='ocr_line' id='line_1_22' title="bbox 168 2850 1452 2938; baseline 0.008 -24"><span class='ocrx_word' id='word_1_147' title='bbox 168 2850 294 2928; x_wconf 84' lang='lat' dir='ltr'><strong>distant,</strong></span> <span class='ocrx_word' id='word_1_148' title='bbox 311 2851 353 2914; x_wconf 91' lang='lat' dir='ltr'><strong>ob</strong></span> <span class='ocrx_word' id='word_1_149' title='bbox 367 2852 509 2915; x_wconf 89' lang='lat' dir='ltr'><strong>cosinum</strong></span> <span class='ocrx_word' id='word_1_150' title='bbox 523 2852 613 2936; x_wconf 90' lang='lat' dir='ltr'><strong>dupli</strong></span> <span class='ocrx_word' id='word_1_151' title='bbox 628 2853 735 2938; x_wconf 82' lang='lat' dir='ltr'><strong>anguli</strong></span> <span class='ocrx_word' id='word_1_152' title='bbox 755 2879 791 2910; x_wconf 68' lang='grc' dir='ltr'><strong>ει</strong></span> <span class='ocrx_word' id='word_1_153' title='bbox 812 2863 845 2929; x_wconf 92' lang='grc'><strong>0,</strong></span> <span class='ocrx_word' id='word_1_154' title='bbox 869 2873 950 2938; x_wconf 85' lang='lat' dir='ltr'><strong>aqua</strong></span> <span class='ocrx_word' id='word_1_155' title='bbox 962 2854 1090 2918; x_wconf 88' lang='lat' dir='ltr'><strong>omniuo</strong></span> <span class='ocrx_word' id='word_1_156' title='bbox 1103 2854 1224 2919; x_wconf 87' lang='lat' dir='ltr'><strong>nullum</strong></span> <span class='ocrx_word' id='word_1_157' title='bbox 1242 2857 1370 2922; x_wconf 84' lang='lat' dir='ltr'><strong>habebit</strong></span> <span class='ocrx_word' id='word_1_158' title='bbox 1383 2881 1452 2924; x_wconf 89' lang='lat' dir='ltr'><strong>mo-</strong></span> 
     </span>
     <span class='ocr_line' id='line_1_23' title="bbox 164 2959 1451 3051; baseline 0.005 -27"><span class='ocrx_word' id='word_1_159' title='bbox 164 2973 233 3024; x_wconf 90' lang='lat' dir='ltr'><strong>tum</strong></span> <span class='ocrx_word' id='word_1_160' title='bbox 253 2959 488 3026; x_wconf 79' lang='lat' dir='ltr'><strong>horinontalem.</strong></span> <span class='ocrx_word' id='word_1_161' title='bbox 534 2961 585 3024; x_wconf 85' lang='lat' dir='ltr'><strong>Ex</strong></span> <span class='ocrx_word' id='word_1_162' title='bbox 606 2959 655 3025; x_wconf 91' lang='lat' dir='ltr'><strong>his</strong></span> <span class='ocrx_word' id='word_1_163' title='bbox 676 2962 773 3048; x_wconf 82' lang='lat' dir='ltr'><strong>igitur</strong></span> <span class='ocrx_word' id='word_1_164' title='bbox 792 2982 859 3025; x_wconf 87' lang='lat' dir='ltr'><strong>non</strong></span> <span class='ocrx_word' id='word_1_165' title='bbox 881 2961 981 3024; x_wconf 90' lang='lat' dir='ltr'><strong>solum</strong></span> <span class='ocrx_word' id='word_1_166' title='bbox 1002 2974 1105 3026; x_wconf 88' lang='lat' dir='ltr'><strong>motus</strong></span> <span class='ocrx_word' id='word_1_167' title='bbox 1126 2985 1217 3049; x_wconf 75' lang='lat' dir='ltr'><strong>equae</strong></span> <span class='ocrx_word' id='word_1_168' title='bbox 1235 2966 1451 3051; x_wconf 78' lang='lat' dir='ltr'><strong>progressirus</strong></span> 
     </span>
     <span class='ocr_line' id='line_1_24' title="bbox 164 3066 1452 3153; baseline 0.005 -23"><span class='ocrx_word' id='word_1_169' title='bbox 164 3067 375 3153; x_wconf 82' lang='lat' dir='ltr'><strong>cognoscitur,</strong></span> <span class='ocrx_word' id='word_1_170' title='bbox 406 3089 470 3153; x_wconf 89' lang='lat' dir='ltr'><strong>quo</strong></span> <span class='ocrx_word' id='word_1_171' title='bbox 498 3067 617 3131; x_wconf 88' lang='lat' dir='ltr'><strong>alterna</strong></span> <span class='ocrx_word' id='word_1_172' title='bbox 646 3068 778 3131; x_wconf 82' lang='lat' dir='ltr'><strong>elevatio</strong></span> <span class='ocrx_word' id='word_1_173' title='bbox 806 3089 844 3131; x_wconf 87' lang='lat' dir='ltr'><strong>ac</strong></span> <span class='ocrx_word' id='word_1_174' title='bbox 867 3066 1026 3152; x_wconf 85' lang='lat' dir='ltr'><strong>depressio</strong></span> <span class='ocrx_word' id='word_1_175' title='bbox 1053 3067 1245 3152; x_wconf 85' lang='lat' dir='ltr'><strong>producitur,</strong></span> <span class='ocrx_word' id='word_1_176' title='bbox 1272 3071 1327 3134; x_wconf 89' lang='lat' dir='ltr'><strong>sed</strong></span> <span class='ocrx_word' id='word_1_177' title='bbox 1357 3072 1452 3136; x_wconf 88' lang='lat' dir='ltr'><strong>etiam</strong></span> 
     </span>
     <span class='ocr_line' id='line_1_25' title="bbox 163 3173 1451 3260; baseline 0.003 -24"><span class='ocrx_word' id='word_1_178' title='bbox 163 3173 339 3239; x_wconf 86' lang='lat' dir='ltr'><strong>luculenter</strong></span> <span class='ocrx_word' id='word_1_179' title='bbox 357 3175 619 3260; x_wconf 84' lang='lat' dir='ltr'><strong>perturbationes,</strong></span> <span class='ocrx_word' id='word_1_180' title='bbox 642 3197 713 3260; x_wconf 87' lang='lat' dir='ltr'><strong>quoe</strong></span> <span class='ocrx_word' id='word_1_181' title='bbox 734 3198 754 3238; x_wconf 93' lang='lat' dir='ltr'><strong>a</strong></span> <span class='ocrx_word' id='word_1_182' title='bbox 776 3175 896 3252; x_wconf 85' lang='lat' dir='ltr'><strong>Terris,</strong></span> <span class='ocrx_word' id='word_1_183' title='bbox 919 3174 1073 3238; x_wconf 84' lang='lat' dir='ltr'><strong>littoribus</strong></span> <span class='ocrx_word' id='word_1_184' title='bbox 1095 3189 1187 3260; x_wconf 86' lang='lat' dir='ltr'><strong>atque</strong></span> <span class='ocrx_word' id='word_1_185' title='bbox 1202 3177 1294 3240; x_wconf 88' lang='lat' dir='ltr'><strong>etiarn</strong></span> <span class='ocrx_word' id='word_1_186' title='bbox 1316 3177 1451 3246; x_wconf 78' lang='lat' dir='ltr'><strong>afundo</strong></span> 
     </span>
     <span class='ocr_line' id='line_1_26' title="bbox 162 3283 1448 3371; baseline 0.003 -23"><span class='ocrx_word' id='word_1_187' title='bbox 162 3286 257 3348; x_wconf 90' lang='lat' dir='ltr'><strong>maris</strong></span> <span class='ocrx_word' id='word_1_188' title='bbox 270 3287 426 3370; x_wconf 84' lang='lat' dir='ltr'><strong>proticisci</strong></span> <span class='ocrx_word' id='word_1_189' title='bbox 440 3301 580 3370; x_wconf 83' lang='lat' dir='ltr'><strong>possunt,</strong></span> <span class='ocrx_word' id='word_1_190' title='bbox 597 3288 837 3371; x_wconf 89' lang='lat' dir='ltr'><strong>perspiciuntur.</strong></span> <span class='ocrx_word' id='word_1_191' title='bbox 876 3283 1023 3348; x_wconf 89' lang='lat' dir='ltr'><strong>Ceterum</strong></span> <span class='ocrx_word' id='word_1_192' title='bbox 1038 3305 1213 3370; x_wconf 84' lang='lat' dir='ltr'><strong>quanquam</strong></span> <span class='ocrx_word' id='word_1_193' title='bbox 1230 3288 1327 3355; x_wconf 84' lang='lat' dir='ltr'><strong>sectio</strong></span> <span class='ocrx_word' id='word_1_194' title='bbox 1341 3301 1448 3352; x_wconf 86' lang='lat' dir='ltr'><strong>nostra</strong></span> 
     </span>
     <span class='ocr_line' id='line_1_27' title="bbox 163 3389 1448 3478; baseline 0.003 -24"><span class='ocrx_word' id='word_1_195' title='bbox 163 3391 259 3475; x_wconf 87' lang='lat' dir='ltr'><strong>plana</strong></span> <span class='ocrx_word' id='word_1_196' title='bbox 280 3394 312 3455; x_wconf 80' lang='lat' dir='ltr'>A</span> <span class='ocrx_word' id='word_1_197' title='bbox 325 3393 360 3456; x_wconf 90' lang='grc' dir='ltr'><strong>Ι)</strong></span> <span class='ocrx_word' id='word_1_198' title='bbox 377 3392 451 3456; x_wconf 90' lang='grc' dir='ltr'><strong>ΒΕ</strong></span> <span class='ocrx_word' id='word_1_199' title='bbox 474 3405 664 3478; x_wconf 79' lang='lat' dir='ltr'><strong>oequatorem</strong></span> <span class='ocrx_word' id='word_1_200' title='bbox 685 3392 787 3456; x_wconf 84' lang='lat' dir='ltr'><strong>solum</strong></span> <span class='ocrx_word' id='word_1_201' title='bbox 811 3390 960 3456; x_wconf 87' lang='lat' dir='ltr'><strong>denotare</strong></span> <span class='ocrx_word' id='word_1_202' title='bbox 985 3389 1116 3467; x_wconf 85' lang='lat' dir='ltr'><strong>videtur,</strong></span> <span class='ocrx_word' id='word_1_203' title='bbox 1143 3402 1246 3454; x_wconf 88' lang='lat' dir='ltr'><strong>tarncn</strong></span> <span class='ocrx_word' id='word_1_204' title='bbox 1272 3391 1381 3456; x_wconf 84' lang='lat' dir='ltr'><strong>eadem</strong></span> <span class='ocrx_word' id='word_1_205' title='bbox 1406 3393 1448 3458; x_wconf 84' lang='lat' dir='ltr'><strong>ed</strong></span> 
     </span>
     <span class='ocr_line' id='line_1_28' title="bbox 162 3498 1445 3594; baseline -0.001 -28"><span class='ocrx_word' id='word_1_206' title='bbox 162 3503 346 3586; x_wconf 77' lang='lat' dir='ltr'><strong>parallelum</strong></span> <span class='ocrx_word' id='word_1_207' title='bbox 372 3503 511 3588; x_wconf 85' lang='lat' dir='ltr'><strong>quemvis</strong></span> <span class='ocrx_word' id='word_1_208' title='bbox 561 3503 799 3590; x_wconf 78' lang='lat' dir='ltr'><strong>significandum</strong></span> <span class='ocrx_word' id='word_1_209' title='bbox 837 3501 911 3564; x_wconf 85' lang='lat' dir='ltr'><strong>satis</strong></span> <span class='ocrx_word' id='word_1_210' title='bbox 945 3498 1108 3594; x_wconf 71' lang='lat' dir='ltr'><strong>commode</strong></span> <span class='ocrx_word' id='word_1_211' title='bbox 1144 3499 1285 3563; x_wconf 88' lang='lat' dir='ltr'><strong>adlriberi</strong></span> <span class='ocrx_word' id='word_1_212' title='bbox 1324 3513 1445 3584; x_wconf 80' lang='lat' dir='ltr'><strong>potest:</strong></span> 
     </span>
     <span class='ocr_line' id='line_1_29' title="bbox 162 3596 1457 3694; baseline 0 -22"><span class='ocrx_word' id='word_1_213' title='bbox 162 3609 238 3694; x_wconf 89' lang='lat' dir='ltr'><strong>quin</strong></span> <span class='ocrx_word' id='word_1_214' title='bbox 260 3610 354 3673; x_wconf 86' lang='lat' dir='ltr'><strong>etiarn</strong></span> <span class='ocrx_word' id='word_1_215' title='bbox 374 3596 478 3673; x_wconf 86' lang='lat' dir='ltr'><strong>motus</strong></span> <span class='ocrx_word' id='word_1_216' title='bbox 499 3630 559 3693; x_wconf 91' lang='lat' dir='ltr'><strong>pro</strong></span> <span class='ocrx_word' id='word_1_217' title='bbox 581 3609 703 3694; x_wconf 75' lang='lat' dir='ltr'><strong>sphaera</strong></span> <span class='ocrx_word' id='word_1_218' title='bbox 725 3607 800 3672; x_wconf 88' lang='lat' dir='ltr'><strong>hinc</strong></span> <span class='ocrx_word' id='word_1_219' title='bbox 814 3608 887 3672; x_wconf 88' lang='lat' dir='ltr'><strong>satis</strong></span> <span class='ocrx_word' id='word_1_220' title='bbox 902 3605 1045 3672; x_wconf 69' lang='lat' dir='ltr'><strong>distincte</strong></span> <span class='ocrx_word' id='word_1_221' title='bbox 1064 3607 1167 3694; x_wconf 87' lang='lat' dir='ltr'><strong>colligi</strong></span> <span class='ocrx_word' id='word_1_222' title='bbox 1189 3609 1312 3691; x_wconf 83' lang='lat' dir='ltr'><strong>poterit,</strong></span> <span class='ocrx_word' id='word_1_223' title='bbox 1339 3629 1457 3692; x_wconf 80' lang='lat' dir='ltr'><strong>operae·</strong></span> 
     </span>
     <span class='ocr_line' id='line_1_30' title="bbox 160 3714 1444 3804; baseline -0.001 -23"><span class='ocrx_word' id='word_1_224' title='bbox 160 3718 245 3781; x_wconf 88' lang='lat' dir='ltr'><strong>eninr</strong></span> <span class='ocrx_word' id='word_1_225' title='bbox 266 3719 402 3803; x_wconf 88' lang='lat' dir='ltr'><strong>pretium</strong></span> <span class='ocrx_word' id='word_1_226' title='bbox 423 3740 487 3783; x_wconf 89' lang='lat' dir='ltr'><strong>non</strong></span> <span class='ocrx_word' id='word_1_227' title='bbox 508 3718 695 3803; x_wconf 89' lang='lat' dir='ltr'><strong>judicamus,</strong></span> <span class='ocrx_word' id='word_1_228' title='bbox 720 3739 778 3802; x_wconf 86' lang='lat' dir='ltr'><strong>per</strong></span> <span class='ocrx_word' id='word_1_229' title='bbox 799 3717 971 3781; x_wconf 89' lang='lat' dir='ltr'><strong>solidorum</strong></span> <span class='ocrx_word' id='word_1_230' title='bbox 993 3714 1253 3780; x_wconf 86' lang='lat' dir='ltr'><strong>introductionem</strong></span> <span class='ocrx_word' id='word_1_231' title='bbox 1275 3716 1357 3781; x_wconf 89' lang='lat' dir='ltr'><strong>hanc</strong></span> <span class='ocrx_word' id='word_1_232' title='bbox 1378 3737 1444 3804; x_wconf 71' lang='lat' dir='ltr'><strong>rem</strong></span> 
     </span>
     <span class='ocr_line' id='line_1_31' title="bbox 162 3826 769 3915; baseline 0.002 -23"><span class='ocrx_word' id='word_1_233' title='bbox 162 3829 290 3915; x_wconf 82' lang='lat' dir='ltr'><strong>cognitu</strong></span> <span class='ocrx_word' id='word_1_234' title='bbox 305 3826 392 3891; x_wconf 78' lang='lat' dir='ltr'><strong>tanto</strong></span> <span class='ocrx_word' id='word_1_235' title='bbox 408 3827 612 3892; x_wconf 87' lang='lat' dir='ltr'><strong>difficiliorem</strong></span> <span class='ocrx_word' id='word_1_236' title='bbox 628 3828 769 3893; x_wconf 87' lang='lat' dir='ltr'><strong>reddere.</strong></span> 
     </span>
    </p>

    <p class='ocr_par' dir='ltr' id='par_1_15' title="bbox 150 3932 1443 4667">
     <span class='ocr_line' id='line_1_32' title="bbox 204 3932 1443 4019; baseline 0.002 -21"><span class='ocrx_word' id='word_1_237' title='bbox 204 3939 229 4016; x_wconf 68' lang='lat' dir='ltr'><strong>t.</strong></span> <span class='ocrx_word' id='word_1_238' title='bbox 246 3941 297 3999; x_wconf 78' lang='lat'><strong>94.</strong></span> <span class='ocrx_word' id='word_1_239' title='bbox 325 3932 375 3997; x_wconf 86' lang='grc' dir='ltr'><strong>Εὸ</strong></span> <span class='ocrx_word' id='word_1_240' title='bbox 396 3933 500 3996; x_wconf 86' lang='lat' dir='ltr'><strong>minus</strong></span> <span class='ocrx_word' id='word_1_241' title='bbox 521 3946 624 3998; x_wconf 85' lang='lat' dir='ltr'><strong>autem</strong></span> <span class='ocrx_word' id='word_1_242' title='bbox 646 3933 739 4018; x_wconf 85' lang='lat' dir='ltr'><strong>hujus</strong></span> <span class='ocrx_word' id='word_1_243' title='bbox 761 3945 914 3998; x_wconf 76' lang='lat' dir='ltr'><strong>accurate</strong></span> <span class='ocrx_word' id='word_1_244' title='bbox 936 3933 1126 4018; x_wconf 81' lang='lat' dir='ltr'><strong>inquisitioni</strong></span> <span class='ocrx_word' id='word_1_245' title='bbox 1147 3933 1331 4010; x_wconf 80' lang='lat' dir='ltr'><strong>insistemus,</strong></span> <span class='ocrx_word' id='word_1_246' title='bbox 1357 3933 1443 4019; x_wconf 82' lang='lat' dir='ltr'><strong>qudtl</strong></span> 
     </span>
     <span class='ocr_line' id='line_1_33' title="bbox 155 4039 1443 4131; baseline -0.002 -23"><span class='ocrx_word' id='word_1_247' title='bbox 155 4043 297 4108; x_wconf 85' lang='lat' dir='ltr'><strong>celeritas</strong></span> <span class='ocrx_word' id='word_1_248' title='bbox 323 4045 523 4131; x_wconf 81' lang='lat' dir='ltr'><strong>progressiva</strong></span> <span class='ocrx_word' id='word_1_249' title='bbox 547 4044 676 4128; x_wconf 89' lang='lat' dir='ltr'><strong>insuper·</strong></span> <span class='ocrx_word' id='word_1_250' title='bbox 701 4064 721 4106; x_wconf 90' lang='lat' dir='ltr'><strong>a</strong></span> <span class='ocrx_word' id='word_1_251' title='bbox 744 4041 957 4127; x_wconf 79' lang='lat' dir='ltr'><strong>profunditate</strong></span> <span class='ocrx_word' id='word_1_252' title='bbox 981 4041 1076 4105; x_wconf 89' lang='lat' dir='ltr'><strong>maris</strong></span> <span class='ocrx_word' id='word_1_253' title='bbox 1100 4040 1243 4125; x_wconf 81' lang='lat' dir='ltr'><strong>pendeat</strong></span> <span class='ocrx_word' id='word_1_254' title='bbox 1299 4039 1395 4118; x_wconf 85' lang='lat' dir='ltr'><strong>Qudd</strong></span> <span class='ocrx_word' id='word_1_255' title='bbox 1416 4043 1443 4105; x_wconf 90' lang='lat' dir='ltr'><strong>si</strong></span> 
     </span>
     <span class='ocr_line' id='line_1_34' title="bbox 154 4147 1442 4234; baseline 0.002 -22"><span class='ocrx_word' id='word_1_256' title='bbox 154 4151 238 4231; x_wconf 86' lang='lat' dir='ltr'><strong>enirn</strong></span> <span class='ocrx_word' id='word_1_257' title='bbox 252 4171 406 4234; x_wconf 91' lang='lat' dir='ltr'><strong>ponamus</strong></span> <span class='ocrx_word' id='word_1_258' title='bbox 421 4173 453 4213; x_wconf 93' lang='lat' dir='ltr'><strong>m</strong></span> <span class='ocrx_word' id='word_1_259' title='bbox 467 4171 489 4212; x_wconf 94' lang='lat' dir='ltr'><strong>rr</strong></span> <span class='ocrx_word' id='word_1_260' title='bbox 501 4151 567 4234; x_wconf 90' lang='lat' dir='ltr'><strong>jam</strong></span> <span class='ocrx_word' id='word_1_261' title='bbox 582 4171 649 4214; x_wconf 88' lang='lat' dir='ltr'><strong>asse</strong></span> <span class='ocrx_word' id='word_1_262' title='bbox 663 4150 759 4213; x_wconf 85' lang='lat' dir='ltr'><strong>maris</strong></span> <span class='ocrx_word' id='word_1_263' title='bbox 772 4148 914 4226; x_wconf 84' lang='lat' dir='ltr'><strong>fundum,</strong></span> <span class='ocrx_word' id='word_1_264' title='bbox 931 4147 974 4212; x_wconf 88' lang='lat' dir='ltr'><strong>ita</strong></span> <span class='ocrx_word' id='word_1_265' title='bbox 988 4160 1023 4211; x_wconf 93' lang='lat' dir='ltr'><strong>ut</strong></span> <span class='ocrx_word' id='word_1_266' title='bbox 1036 4147 1230 4232; x_wconf 87' lang='lat' dir='ltr'><strong>profunditas</strong></span> <span class='ocrx_word' id='word_1_267' title='bbox 1245 4149 1339 4212; x_wconf 87' lang='lat' dir='ltr'><strong>maris</strong></span> <span class='ocrx_word' id='word_1_268' title='bbox 1354 4149 1386 4211; x_wconf 92' lang='lat' dir='ltr'><strong>in</strong></span> <span class='ocrx_word' id='word_1_269' title='bbox 1402 4149 1442 4214; x_wconf 90' lang='lat' dir='ltr'><strong>M</strong></span> 
     </span>
     <span class='ocr_line' id='line_1_35' title="bbox 154 4254 1439 4342; baseline 0.004 -26"><span class='ocrx_word' id='word_1_270' title='bbox 154 4257 256 4339; x_wconf 89' lang='lat' dir='ltr'><strong>major</strong></span> <span class='ocrx_word' id='word_1_271' title='bbox 277 4278 342 4319; x_wconf 92' lang='lat' dir='ltr'><strong>non</strong></span> <span class='ocrx_word' id='word_1_272' title='bbox 363 4271 443 4320; x_wconf 89' lang='lat' dir='ltr'><strong>esset</strong></span> <span class='ocrx_word' id='word_1_273' title='bbox 465 4254 558 4342; x_wconf 83' lang='lat' dir='ltr'><strong>qurirn</strong></span> <span class='ocrx_word' id='word_1_274' title='bbox 581 4257 622 4321; x_wconf 89' lang='lat' dir='ltr'>M</span> <span class='ocrx_word' id='word_1_275' title='bbox 635 4279 679 4332; x_wconf 88' lang='lat' dir='ltr'><strong>nr,</strong></span> <span class='ocrx_word' id='word_1_276' title='bbox 702 4269 766 4319; x_wconf 87' lang='lat' dir='ltr'><strong>tam</strong></span> <span class='ocrx_word' id='word_1_277' title='bbox 780 4256 831 4320; x_wconf 92' lang='lat' dir='ltr'><strong>isti</strong></span> <span class='ocrx_word' id='word_1_278' title='bbox 847 4275 937 4340; x_wconf 77' lang='lat' dir='ltr'><strong>aqum</strong></span> <span class='ocrx_word' id='word_1_279' title='bbox 953 4267 1057 4320; x_wconf 86' lang='lat' dir='ltr'><strong>tantus</strong></span> <span class='ocrx_word' id='word_1_280' title='bbox 1071 4267 1174 4318; x_wconf 87' lang='lat' dir='ltr'><strong>motus</strong></span> <span class='ocrx_word' id='word_1_281' title='bbox 1188 4257 1290 4320; x_wconf 90' lang='lat' dir='ltr'><strong>inesse</strong></span> <span class='ocrx_word' id='word_1_282' title='bbox 1303 4254 1439 4334; x_wconf 81' lang='lat' dir='ltr'><strong>deberet,</strong></span> 
     </span>
     <span class='ocr_line' id='line_1_36' title="bbox 152 4365 1441 4453; baseline 0.003 -25"><span class='ocrx_word' id='word_1_283' title='bbox 152 4388 217 4453; x_wconf 93' lang='lat' dir='ltr'><strong>quo</strong></span> <span class='ocrx_word' id='word_1_284' title='bbox 233 4389 279 4443; x_wconf 89' lang='lat' dir='ltr'><strong>ea,</strong></span> <span class='ocrx_word' id='word_1_285' title='bbox 296 4367 813 4444; x_wconf 81' lang='lat' dir='ltr'><strong>dumfluxusexAinatransit,</strong></span> <span class='ocrx_word' id='word_1_286' title='bbox 831 4365 984 4432; x_wconf 85' lang='lat' dir='ltr'><strong>exsitnn</strong></span> <span class='ocrx_word' id='word_1_287' title='bbox 1001 4365 1027 4430; x_wconf 87' lang='lat' dir='ltr'><strong>F</strong></span> <span class='ocrx_word' id='word_1_288' title='bbox 1044 4365 1082 4430; x_wconf 88' lang='lat' dir='ltr'>M</span> <span class='ocrx_word' id='word_1_289' title='bbox 1098 4365 1441 4432; x_wconf 83' lang='lat' dir='ltr'><strong>minsitummFNn</strong></span> 
     </span>
     <span class='ocr_line' id='line_1_37' title="bbox 154 4473 1440 4562; baseline 0 -22"><span class='ocrx_word' id='word_1_290' title='bbox 154 4474 315 4540; x_wconf 75' lang='lat' dir='ltr'><strong>transferri</strong></span> <span class='ocrx_word' id='word_1_291' title='bbox 336 4488 452 4560; x_wconf 86' lang='lat' dir='ltr'><strong>posset.</strong></span> <span class='ocrx_word' id='word_1_292' title='bbox 498 4473 564 4540; x_wconf 92' lang='lat' dir='ltr'><strong>Hic</strong></span> <span class='ocrx_word' id='word_1_293' title='bbox 586 4489 690 4540; x_wconf 85' lang='lat' dir='ltr'><strong>autem</strong></span> <span class='ocrx_word' id='word_1_294' title='bbox 712 4488 816 4540; x_wconf 89' lang='lat' dir='ltr'><strong>motus</strong></span> <span class='ocrx_word' id='word_1_295' title='bbox 839 4477 979 4562; x_wconf 87' lang='lat' dir='ltr'><strong>quamvis</strong></span> <span class='ocrx_word' id='word_1_296' title='bbox 995 4476 1035 4540; x_wconf 91' lang='lat' dir='ltr'><strong>sit</strong></span> <span class='ocrx_word' id='word_1_297' title='bbox 1048 4474 1198 4540; x_wconf 81' lang='lat' dir='ltr'><strong>difformis</strong></span> <span class='ocrx_word' id='word_1_298' title='bbox 1220 4489 1252 4539; x_wconf 89' lang='lat' dir='ltr'><strong>et</strong></span> <span class='ocrx_word' id='word_1_299' title='bbox 1272 4497 1329 4560; x_wconf 90' lang='lat' dir='ltr'><strong>per</strong></span> <span class='ocrx_word' id='word_1_300' title='bbox 1343 4488 1440 4540; x_wconf 88' lang='lat' dir='ltr'><strong>totam</strong></span> 
     </span>
     <span class='ocr_line' id='line_1_38' title="bbox 150 4579 1439 4667; baseline 0 -21"><span class='ocrx_word' id='word_1_301' title='bbox 150 4601 285 4646; x_wconf 81' lang='lat' dir='ltr'><strong>massam</strong></span> <span class='ocrx_word' id='word_1_302' title='bbox 307 4580 512 4667; x_wconf 83' lang='lat' dir='ltr'><strong>irroequabilia,</strong></span> <span class='ocrx_word' id='word_1_303' title='bbox 535 4582 688 4646; x_wconf 81' lang='lat' dir='ltr'><strong>tamensi</strong></span> <span class='ocrx_word' id='word_1_304' title='bbox 712 4593 779 4645; x_wconf 90' lang='lat' dir='ltr'><strong>tota</strong></span> <span class='ocrx_word' id='word_1_305' title='bbox 798 4579 963 4646; x_wconf 87' lang='lat' dir='ltr'><strong>translatio</strong></span> <span class='ocrx_word' id='word_1_306' title='bbox 983 4591 1147 4666; x_wconf 89' lang='lat' dir='ltr'><strong>spectetur,</strong></span> <span class='ocrx_word' id='word_1_307' title='bbox 1172 4591 1254 4644; x_wconf 86' lang='lat' dir='ltr'><strong>totus</strong></span> <span class='ocrx_word' id='word_1_308' title='bbox 1274 4592 1378 4648; x_wconf 79' lang='lat' dir='ltr'><strong>monta</strong></span> <span class='ocrx_word' id='word_1_309' title='bbox 1396 4601 1439 4652; x_wconf 83' lang='lat' dir='ltr'><strong>ex</strong></span> 
     </span>
    </p>
   </div>
   <div class='ocr_carea' id='block_1_6' title="bbox 0 0 1646 5517">
    <p class='ocr_par' dir='ltr' id='par_1_16' title="bbox 0 0 1646 5517">
     <span class='ocr_line' id='line_1_39' title="bbox 0 0 1646 5517; baseline 0 3"><span class='ocrx_word' id='word_1_310' title='bbox 0 0 1646 5517; x_wconf 95' lang='lat' dir='ltr'><strong> </strong></span> 
     </span>
    </p>
   </div>
  </div>
 </body>
</html>
