<?xml version="1.0" encoding="UTF-8"?>
<!DOCTYPE html PUBLIC "-//W3C//DTD XHTML 1.0 Transitional//EN"
    "http://www.w3.org/TR/xhtml1/DTD/xhtml1-transitional.dtd">
<html xmlns="http://www.w3.org/1999/xhtml" xml:lang="en" lang="en">
 <head>
  <title>
</title>
<meta http-equiv="Content-Type" content="text/html;charset=utf-8" />
  <meta name='ocr-system' content='tesseract 3.04.00' />
  <meta name='ocr-capabilities' content='ocr_page ocr_carea ocr_par ocr_line ocrx_word'/>
</head>
<body>
  <div class='ocr_page' id='page_1' title='image "./philosophinatur01wriggoog_0291.png"; bbox 0 0 3284 5517; ppageno 0'>
   <div class='ocr_carea' id='block_1_1' title="bbox 180 378 1219 455">
    <p class='ocr_par' dir='ltr' id='par_1_1' title="bbox 180 378 1219 455">
     <span class='ocr_line' id='line_1_1' title="bbox 180 378 1219 455; baseline 0.007 -17"><span class='ocrx_word' id='word_1_1' title='bbox 180 378 244 441; x_wconf 75' lang='lat'><strong>248</strong></span> <span class='ocrx_word' id='word_1_2' title='bbox 430 378 698 455; x_wconf 87' lang='lat' dir='ltr'><strong>INQUlSlTlO</strong></span> <span class='ocrx_word' id='word_1_3' title='bbox 720 380 926 446; x_wconf 81' lang='lat' dir='ltr'><strong>PHYslca</strong></span> <span class='ocrx_word' id='word_1_4' title='bbox 948 381 1000 447; x_wconf 91' lang='lat' dir='ltr'><strong>IN</strong></span> <span class='ocrx_word' id='word_1_5' title='bbox 1023 378 1219 446; x_wconf 85' lang='lat' dir='ltr'>CAUSAM</span> 
     </span>
    </p>
   </div>
   <div class='ocr_carea' id='block_1_2' title="bbox 53 532 1466 645">
    <p class='ocr_par' dir='ltr' id='par_1_2' title="bbox 53 532 1466 645">
     <span class='ocr_line' id='line_1_2' title="bbox 53 532 1466 645; baseline 0.002 -36"><span class='ocrx_word' id='word_1_6' title='bbox 53 636 57 645; x_wconf 32' lang='grc' dir='ltr'>Ι</span> <span class='ocrx_word' id='word_1_7' title='bbox 177 544 271 633; x_wconf 88' lang='lat' dir='ltr'><strong>hujus</strong></span> <span class='ocrx_word' id='word_1_8' title='bbox 287 548 412 635; x_wconf 79' lang='lat' dir='ltr'><strong>generis</strong></span> <span class='ocrx_word' id='word_1_9' title='bbox 432 532 663 634; x_wconf 83' lang='lat' dir='ltr'><strong>phaenomeuon</strong></span> <span class='ocrx_word' id='word_1_10' title='bbox 678 550 770 613; x_wconf 81' lang='lat' dir='ltr'><strong>fiterit</strong></span> <span class='ocrx_word' id='word_1_11' title='bbox 790 550 995 634; x_wconf 90' lang='lat' dir='ltr'><strong>propositum,</strong></span> <span class='ocrx_word' id='word_1_12' title='bbox 1019 548 1080 613; x_wconf 88' lang='lat' dir='ltr'><strong>alia</strong></span> <span class='ocrx_word' id='word_1_13' title='bbox 1093 570 1187 613; x_wconf 86' lang='lat' dir='ltr'><strong>causa</strong></span> <span class='ocrx_word' id='word_1_14' title='bbox 1201 546 1380 635; x_wconf 82' lang='lat' dir='ltr'><strong>investigari</strong></span> <span class='ocrx_word' id='word_1_15' title='bbox 1399 568 1466 613; x_wconf 88' lang='lat' dir='ltr'><strong>non</strong></span> 
     </span>
    </p>
   </div>
   <div class='ocr_carea' id='block_1_3' title="bbox 55 658 1464 4753">
    <p class='ocr_par' dir='ltr' id='par_1_3' title="bbox 177 658 1096 745">
     <span class='ocr_line' id='line_1_3' title="bbox 177 658 1096 745; baseline 0 -24"><span class='ocrx_word' id='word_1_16' title='bbox 177 668 293 741; x_wconf 85' lang='lat' dir='ltr'><strong>potest,</strong></span> <span class='ocrx_word' id='word_1_17' title='bbox 309 659 369 721; x_wconf 86' lang='lat' dir='ltr'><strong>nisi</strong></span> <span class='ocrx_word' id='word_1_18' title='bbox 383 680 453 745; x_wconf 87' lang='lat' dir='ltr'><strong>quae</strong></span> <span class='ocrx_word' id='word_1_19' title='bbox 468 682 487 722; x_wconf 88' lang='lat' dir='ltr'><strong>a</strong></span> <span class='ocrx_word' id='word_1_20' title='bbox 500 659 655 744; x_wconf 89' lang='lat' dir='ltr'><strong>principio</strong></span> <span class='ocrx_word' id='word_1_21' title='bbox 669 658 745 722; x_wconf 81' lang='lat' dir='ltr'><strong>tales</strong></span> <span class='ocrx_word' id='word_1_22' title='bbox 759 672 864 721; x_wconf 90' lang='lat' dir='ltr'><strong>motus</strong></span> <span class='ocrx_word' id='word_1_23' title='bbox 877 658 1096 742; x_wconf 80' lang='lat' dir='ltr'><strong>procreaverit.</strong></span> 
     </span>
    </p>

    <p class='ocr_par' dir='ltr' id='par_1_4' title="bbox 167 759 1464 2790">
     <span class='ocr_line' id='line_1_4' title="bbox 220 759 1464 857; baseline -0.005 -25"><span class='ocrx_word' id='word_1_24' title='bbox 220 774 245 850; x_wconf 86' lang='lat'><strong>§.</strong></span> <span class='ocrx_word' id='word_1_25' title='bbox 261 775 292 831; x_wconf 73' lang='lat'><strong>2.</strong></span> <span class='ocrx_word' id='word_1_26' title='bbox 316 767 423 853; x_wconf 88' lang='lat' dir='ltr'><strong>Hujus</strong></span> <span class='ocrx_word' id='word_1_27' title='bbox 438 769 560 857; x_wconf 88' lang='lat' dir='ltr'><strong>generis</strong></span> <span class='ocrx_word' id='word_1_28' title='bbox 576 766 657 833; x_wconf 87' lang='lat' dir='ltr'><strong>soret</strong></span> <span class='ocrx_word' id='word_1_29' title='bbox 671 766 811 855; x_wconf 86' lang='lat' dir='ltr'><strong>quaestio,</strong></span> <span class='ocrx_word' id='word_1_30' title='bbox 834 768 860 829; x_wconf 94' lang='lat' dir='ltr'><strong>si</strong></span> <span class='ocrx_word' id='word_1_31' title='bbox 874 778 1066 852; x_wconf 77' lang='lat' dir='ltr'><strong>quaereretur</strong></span> <span class='ocrx_word' id='word_1_32' title='bbox 1079 788 1173 829; x_wconf 84' lang='lat' dir='ltr'><strong>causa</strong></span> <span class='ocrx_word' id='word_1_33' title='bbox 1186 762 1291 829; x_wconf 80' lang='lat' dir='ltr'><strong>mottla</strong></span> <span class='ocrx_word' id='word_1_34' title='bbox 1303 759 1464 851; x_wconf 79' lang='lat' dir='ltr'><strong>vertiginis</strong></span> 
     </span>
     <span class='ocr_line' id='line_1_5' title="bbox 176 872 1463 959; baseline -0.002 -21"><span class='ocrx_word' id='word_1_35' title='bbox 176 872 374 958; x_wconf 85' lang='lat' dir='ltr'><strong>planetarum</strong></span> <span class='ocrx_word' id='word_1_36' title='bbox 395 899 432 940; x_wconf 88' lang='lat' dir='ltr'><strong>ac</strong></span> <span class='ocrx_word' id='word_1_37' title='bbox 458 876 557 952; x_wconf 90' lang='lat' dir='ltr'><strong>Solis;</strong></span> <span class='ocrx_word' id='word_1_38' title='bbox 587 876 639 939; x_wconf 92' lang='lat' dir='ltr'><strong>hic</strong></span> <span class='ocrx_word' id='word_1_39' title='bbox 662 876 745 940; x_wconf 90' lang='lat' dir='ltr'><strong>euim</strong></span> <span class='ocrx_word' id='word_1_40' title='bbox 767 875 924 939; x_wconf 88' lang='lat' dir='ltr'><strong>sufficeret</strong></span> <span class='ocrx_word' id='word_1_41' title='bbox 945 896 1014 937; x_wconf 87' lang='lat' dir='ltr'><strong>eam</strong></span> <span class='ocrx_word' id='word_1_42' title='bbox 1035 894 1161 937; x_wconf 88' lang='lat' dir='ltr'><strong>oausam</strong></span> <span class='ocrx_word' id='word_1_43' title='bbox 1181 872 1365 959; x_wconf 74' lang='lat' dir='ltr'>assignasse,</span> <span class='ocrx_word' id='word_1_44' title='bbox 1391 894 1463 957; x_wconf 72' lang='lat' dir='ltr'><strong>quaa</strong></span> 
     </span>
     <span class='ocr_line' id='line_1_6' title="bbox 175 980 1462 1068; baseline -0.002 -23"><span class='ocrx_word' id='word_1_45' title='bbox 175 980 264 1045; x_wconf 90' lang='lat' dir='ltr'><strong>initio</strong></span> <span class='ocrx_word' id='word_1_46' title='bbox 285 982 343 1046; x_wconf 89' lang='lat' dir='ltr'><strong>hos</strong></span> <span class='ocrx_word' id='word_1_47' title='bbox 365 996 467 1047; x_wconf 89' lang='lat' dir='ltr'><strong>motus</strong></span> <span class='ocrx_word' id='word_1_48' title='bbox 489 983 698 1068; x_wconf 85' lang='lat' dir='ltr'><strong>produxisset,</strong></span> <span class='ocrx_word' id='word_1_49' title='bbox 722 980 795 1046; x_wconf 82' lang='lat' dir='ltr'><strong>crim</strong></span> <span class='ocrx_word' id='word_1_50' title='bbox 817 982 873 1047; x_wconf 87' lang='lat' dir='ltr'><strong>Sol</strong></span> <span class='ocrx_word' id='word_1_51' title='bbox 885 980 984 1067; x_wconf 71' lang='lat' dir='ltr'><strong>aqud</strong></span> <span class='ocrx_word' id='word_1_52' title='bbox 1005 1002 1042 1044; x_wconf 87' lang='lat' dir='ltr'><strong>ac</strong></span> <span class='ocrx_word' id='word_1_53' title='bbox 1063 981 1199 1064; x_wconf 83' lang='lat' dir='ltr'><strong>planetoe</strong></span> <span class='ocrx_word' id='word_1_54' title='bbox 1221 980 1316 1043; x_wconf 85' lang='lat' dir='ltr'><strong>talem</strong></span> <span class='ocrx_word' id='word_1_55' title='bbox 1340 990 1462 1043; x_wconf 90' lang='lat' dir='ltr'><strong>motum</strong></span> 
     </span>
     <span class='ocr_line' id='line_1_7' title="bbox 176 1086 1462 1176; baseline 0 -23"><span class='ocrx_word' id='word_1_56' title='bbox 176 1090 272 1155; x_wconf 86' lang='lat' dir='ltr'><strong>semel</strong></span> <span class='ocrx_word' id='word_1_57' title='bbox 294 1092 452 1155; x_wconf 85' lang='lat' dir='ltr'><strong>consecuti</strong></span> <span class='ocrx_word' id='word_1_58' title='bbox 475 1090 609 1156; x_wconf 76' lang='lat' dir='ltr'><strong>eumdem</strong></span> <span class='ocrx_word' id='word_1_59' title='bbox 629 1089 757 1176; x_wconf 81' lang='lat' dir='ltr'><strong>proprisi</strong></span> <span class='ocrx_word' id='word_1_60' title='bbox 780 1092 810 1155; x_wconf 89' lang='lat' dir='ltr'><strong>vi</strong></span> <span class='ocrx_word' id='word_1_61' title='bbox 830 1086 984 1175; x_wconf 81' lang='lat' dir='ltr'><strong>perpetud</strong></span> <span class='ocrx_word' id='word_1_62' title='bbox 998 1110 1182 1154; x_wconf 85' lang='lat' dir='ltr'><strong>conservare</strong></span> <span class='ocrx_word' id='word_1_63' title='bbox 1195 1087 1339 1167; x_wconf 80' lang='lat' dir='ltr'><strong>debeant,</strong></span> <span class='ocrx_word' id='word_1_64' title='bbox 1359 1110 1462 1176; x_wconf 83' lang='lat' dir='ltr'><strong>neque</strong></span> 
     </span>
     <span class='ocr_line' id='line_1_8' title="bbox 175 1194 1460 1283; baseline 0.002 -25"><span class='ocrx_word' id='word_1_65' title='bbox 175 1195 217 1259; x_wconf 88' lang='lat' dir='ltr'><strong>ad</strong></span> <span class='ocrx_word' id='word_1_66' title='bbox 231 1194 292 1260; x_wconf 91' lang='lat' dir='ltr'><strong>hoc</strong></span> <span class='ocrx_word' id='word_1_67' title='bbox 306 1196 537 1281; x_wconf 85' lang='lat' dir='ltr'><strong>phoenomeuon</strong></span> <span class='ocrx_word' id='word_1_68' title='bbox 553 1198 773 1283; x_wconf 87' lang='lat' dir='ltr'><strong>explicandum</strong></span> <span class='ocrx_word' id='word_1_69' title='bbox 788 1198 836 1261; x_wconf 90' lang='lat' dir='ltr'><strong>vis</strong></span> <span class='ocrx_word' id='word_1_70' title='bbox 850 1198 915 1261; x_wconf 87' lang='lat' dir='ltr'><strong>ulla</strong></span> <span class='ocrx_word' id='word_1_71' title='bbox 931 1208 1061 1261; x_wconf 82' lang='lat' dir='ltr'><strong>externa</strong></span> <span class='ocrx_word' id='word_1_72' title='bbox 1074 1196 1167 1259; x_wconf 81' lang='lat' dir='ltr'><strong>etiam</strong></span> <span class='ocrx_word' id='word_1_73' title='bbox 1181 1216 1266 1259; x_wconf 90' lang='lat' dir='ltr'><strong>nunc</strong></span> <span class='ocrx_word' id='word_1_74' title='bbox 1279 1194 1397 1260; x_wconf 88' lang='lat' dir='ltr'><strong>durans</strong></span> <span class='ocrx_word' id='word_1_75' title='bbox 1410 1218 1460 1261; x_wconf 90' lang='lat' dir='ltr'><strong>re·</strong></span> 
     </span>
     <span class='ocr_line' id='line_1_9' title="bbox 174 1302 1460 1392; baseline 0.002 -27"><span class='ocrx_word' id='word_1_76' title='bbox 174 1302 323 1387; x_wconf 88' lang='lat' dir='ltr'><strong>quiratur.</strong></span> <span class='ocrx_word' id='word_1_77' title='bbox 369 1303 480 1392; x_wconf 70' lang='lat' dir='ltr'><strong>Longe</strong></span> <span class='ocrx_word' id='word_1_78' title='bbox 501 1305 591 1369; x_wconf 87' lang='lat' dir='ltr'><strong>aliter</strong></span> <span class='ocrx_word' id='word_1_79' title='bbox 605 1328 638 1369; x_wconf 90' lang='lat' dir='ltr'><strong>se</strong></span> <span class='ocrx_word' id='word_1_80' title='bbox 653 1328 702 1369; x_wconf 87' lang='lat' dir='ltr'><strong>res</strong></span> <span class='ocrx_word' id='word_1_81' title='bbox 717 1305 820 1382; x_wconf 87' lang='lat' dir='ltr'><strong>habet,</strong></span> <span class='ocrx_word' id='word_1_82' title='bbox 845 1306 872 1370; x_wconf 89' lang='lat' dir='ltr'><strong>si</strong></span> <span class='ocrx_word' id='word_1_83' title='bbox 893 1317 996 1369; x_wconf 89' lang='lat' dir='ltr'><strong>motus</strong></span> <span class='ocrx_word' id='word_1_84' title='bbox 1017 1317 1212 1389; x_wconf 78' lang='lat' dir='ltr'>proponatur</span> <span class='ocrx_word' id='word_1_85' title='bbox 1225 1326 1327 1390; x_wconf 92' lang='lat' dir='ltr'><strong>neque</strong></span> <span class='ocrx_word' id='word_1_86' title='bbox 1341 1303 1460 1367; x_wconf 81' lang='lat' dir='ltr'><strong>unifor-</strong></span> 
     </span>
     <span class='ocr_line' id='line_1_10' title="bbox 173 1406 1460 1497; baseline 0.002 -27"><span class='ocrx_word' id='word_1_87' title='bbox 173 1408 242 1486; x_wconf 89' lang='lat' dir='ltr'><strong>mis,</strong></span> <span class='ocrx_word' id='word_1_88' title='bbox 270 1430 372 1495; x_wconf 87' lang='lat' dir='ltr'><strong>neque</strong></span> <span class='ocrx_word' id='word_1_89' title='bbox 396 1409 430 1472; x_wconf 91' lang='lat' dir='ltr'><strong>in</strong></span> <span class='ocrx_word' id='word_1_90' title='bbox 458 1408 612 1474; x_wconf 89' lang='lat' dir='ltr'><strong>directum</strong></span> <span class='ocrx_word' id='word_1_91' title='bbox 640 1412 825 1497; x_wconf 86' lang='lat' dir='ltr'><strong>procedens,</strong></span> <span class='ocrx_word' id='word_1_92' title='bbox 857 1410 1031 1497; x_wconf 86' lang='lat' dir='ltr'><strong>cujusmodi</strong></span> <span class='ocrx_word' id='word_1_93' title='bbox 1055 1422 1103 1474; x_wconf 91' lang='lat' dir='ltr'><strong>est</strong></span> <span class='ocrx_word' id='word_1_94' title='bbox 1131 1421 1248 1485; x_wconf 89' lang='lat' dir='ltr'><strong>motus,</strong></span> <span class='ocrx_word' id='word_1_95' title='bbox 1263 1406 1460 1493; x_wconf 76' lang='lat' dir='ltr'><strong>planetarum</strong></span> 
     </span>
     <span class='ocr_line' id='line_1_11' title="bbox 171 1517 1459 1607; baseline 0.002 -26"><span class='ocrx_word' id='word_1_96' title='bbox 171 1517 348 1603; x_wconf 82' lang='lat' dir='ltr'><strong>periodicas</strong></span> <span class='ocrx_word' id='word_1_97' title='bbox 364 1518 446 1583; x_wconf 90' lang='lat' dir='ltr'><strong>circa</strong></span> <span class='ocrx_word' id='word_1_98' title='bbox 462 1520 587 1585; x_wconf 88' lang='lat' dir='ltr'><strong>Solem:</strong></span> <span class='ocrx_word' id='word_1_99' title='bbox 609 1520 670 1584; x_wconf 91' lang='lat' dir='ltr'><strong>hoc</strong></span> <span class='ocrx_word' id='word_1_100' title='bbox 688 1520 770 1585; x_wconf 90' lang='lat' dir='ltr'><strong>enim</strong></span> <span class='ocrx_word' id='word_1_101' title='bbox 787 1544 860 1585; x_wconf 82' lang='lat' dir='ltr'><strong>casu</strong></span> <span class='ocrx_word' id='word_1_102' title='bbox 879 1518 1007 1584; x_wconf 70' lang='lat' dir='ltr'><strong>minime</strong></span> <span class='ocrx_word' id='word_1_103' title='bbox 1021 1520 1134 1584; x_wconf 89' lang='lat' dir='ltr'><strong>sufficit</strong></span> <span class='ocrx_word' id='word_1_104' title='bbox 1147 1544 1185 1585; x_wconf 89' lang='lat' dir='ltr'><strong>ea</strong></span> <span class='ocrx_word' id='word_1_105' title='bbox 1198 1520 1254 1598; x_wconf 89' lang='lat' dir='ltr'><strong>vis,</strong></span> <span class='ocrx_word' id='word_1_106' title='bbox 1277 1542 1350 1607; x_wconf 83' lang='lat' dir='ltr'><strong>quae</strong></span> <span class='ocrx_word' id='word_1_107' title='bbox 1370 1520 1459 1584; x_wconf 86' lang='lat' dir='ltr'><strong>initio</strong></span> 
     </span>
     <span class='ocr_line' id='line_1_12' title="bbox 170 1627 1458 1717; baseline 0.005 -27"><span class='ocrx_word' id='word_1_108' title='bbox 170 1627 310 1711; x_wconf 88' lang='lat' dir='ltr'><strong>planetas</strong></span> <span class='ocrx_word' id='word_1_109' title='bbox 335 1628 376 1693; x_wconf 91' lang='lat' dir='ltr'><strong>ad</strong></span> <span class='ocrx_word' id='word_1_110' title='bbox 398 1630 572 1695; x_wconf 67' lang='lat' dir='ltr'><strong>istiusmodi</strong></span> <span class='ocrx_word' id='word_1_111' title='bbox 592 1642 696 1696; x_wconf 84' lang='lat' dir='ltr'><strong>motus</strong></span> <span class='ocrx_word' id='word_1_112' title='bbox 718 1632 885 1717; x_wconf 87' lang='lat' dir='ltr'><strong>impulerit,</strong></span> <span class='ocrx_word' id='word_1_113' title='bbox 909 1632 964 1697; x_wconf 88' lang='lat' dir='ltr'><strong>aed</strong></span> <span class='ocrx_word' id='word_1_114' title='bbox 985 1632 1138 1717; x_wconf 76' lang='lat' dir='ltr'><strong>perpetui)</strong></span> <span class='ocrx_word' id='word_1_115' title='bbox 1159 1654 1250 1696; x_wconf 85' lang='lat' dir='ltr'><strong>novae</strong></span> <span class='ocrx_word' id='word_1_116' title='bbox 1270 1634 1384 1697; x_wconf 79' lang='lat' dir='ltr'><strong>virium</strong></span> <span class='ocrx_word' id='word_1_117' title='bbox 1406 1656 1458 1697; x_wconf 86' lang='lat' dir='ltr'><strong>ac·</strong></span> 
     </span>
     <span class='ocr_line' id='line_1_13' title="bbox 171 1736 1457 1825; baseline 0.004 -26"><span class='ocrx_word' id='word_1_118' title='bbox 171 1736 271 1799; x_wconf 78' lang='lat' dir='ltr'><strong>tiones</strong></span> <span class='ocrx_word' id='word_1_119' title='bbox 293 1736 503 1823; x_wconf 90' lang='lat' dir='ltr'><strong>requiruntur,</strong></span> <span class='ocrx_word' id='word_1_120' title='bbox 526 1762 546 1802; x_wconf 95' lang='lat' dir='ltr'><strong>a</strong></span> <span class='ocrx_word' id='word_1_121' title='bbox 561 1739 672 1825; x_wconf 91' lang='lat' dir='ltr'><strong>quibus</strong></span> <span class='ocrx_word' id='word_1_122' title='bbox 687 1752 751 1803; x_wconf 87' lang='lat' dir='ltr'><strong>tsm</strong></span> <span class='ocrx_word' id='word_1_123' title='bbox 766 1739 907 1803; x_wconf 76' lang='lat' dir='ltr'><strong>celeritas</strong></span> <span class='ocrx_word' id='word_1_124' title='bbox 921 1737 1016 1825; x_wconf 69' lang='lat' dir='ltr'><strong>quim</strong></span> <span class='ocrx_word' id='word_1_125' title='bbox 1030 1740 1161 1803; x_wconf 86' lang='lat' dir='ltr'><strong>directio</strong></span> <span class='ocrx_word' id='word_1_126' title='bbox 1174 1738 1323 1803; x_wconf 79' lang='lat' dir='ltr'><strong>continud</strong></span> <span class='ocrx_word' id='word_1_127' title='bbox 1344 1740 1457 1804; x_wconf 88' lang='lat' dir='ltr'><strong>immu-</strong></span> 
     </span>
     <span class='ocr_line' id='line_1_14' title="bbox 170 1842 1456 1931; baseline 0.003 -26"><span class='ocrx_word' id='word_1_128' title='bbox 170 1852 268 1905; x_wconf 85' lang='lat' dir='ltr'><strong>tetur:</strong></span> <span class='ocrx_word' id='word_1_129' title='bbox 306 1862 377 1928; x_wconf 79' lang='lat' dir='ltr'><strong>quoe</strong></span> <span class='ocrx_word' id='word_1_130' title='bbox 398 1844 488 1922; x_wconf 87' lang='lat' dir='ltr'><strong>vires,</strong></span> <span class='ocrx_word' id='word_1_131' title='bbox 515 1842 610 1931; x_wconf 75' lang='lat' dir='ltr'><strong>quim</strong></span> <span class='ocrx_word' id='word_1_132' title='bbox 633 1843 769 1930; x_wconf 73' lang='lat' dir='ltr'><strong>primum</strong></span> <span class='ocrx_word' id='word_1_133' title='bbox 791 1858 957 1923; x_wconf 72' lang='lat' dir='ltr'><strong>cessarem,</strong></span> <span class='ocrx_word' id='word_1_134' title='bbox 973 1845 1077 1910; x_wconf 70' lang='lat' dir='ltr'><strong>subiti&gt;</strong></span> <span class='ocrx_word' id='word_1_135' title='bbox 1089 1846 1224 1929; x_wconf 82' lang='lat' dir='ltr'><strong>planetae</strong></span> <span class='ocrx_word' id='word_1_136' title='bbox 1245 1847 1363 1910; x_wconf 82' lang='lat' dir='ltr'><strong>orbitas</strong></span> <span class='ocrx_word' id='word_1_137' title='bbox 1384 1868 1456 1910; x_wconf 86' lang='lat' dir='ltr'><strong>suas</strong></span> 
     </span>
     <span class='ocr_line' id='line_1_15' title="bbox 170 1948 1456 2041; baseline 0.003 -28"><span class='ocrx_word' id='word_1_138' title='bbox 170 1948 359 2029; x_wconf 84' lang='lat' dir='ltr'><strong>desererent,</strong></span> <span class='ocrx_word' id='word_1_139' title='bbox 383 1966 476 2039; x_wconf 82' lang='lat' dir='ltr'><strong>atque</strong></span> <span class='ocrx_word' id='word_1_140' title='bbox 497 1954 530 2017; x_wconf 90' lang='lat' dir='ltr'><strong>in</strong></span> <span class='ocrx_word' id='word_1_141' title='bbox 545 1953 697 2019; x_wconf 88' lang='lat' dir='ltr'><strong>directum</strong></span> <span class='ocrx_word' id='word_1_142' title='bbox 712 1964 800 2018; x_wconf 90' lang='lat' dir='ltr'><strong>motu</strong></span> <span class='ocrx_word' id='word_1_143' title='bbox 813 1953 960 2039; x_wconf 81' lang='lat' dir='ltr'><strong>aequabili</strong></span> <span class='ocrx_word' id='word_1_144' title='bbox 981 1954 1149 2018; x_wconf 81' lang='lat' dir='ltr'><strong>avolarent.</strong></span> <span class='ocrx_word' id='word_1_145' title='bbox 1197 1952 1294 2029; x_wconf 84' lang='lat' dir='ltr'><strong>Qudd</strong></span> <span class='ocrx_word' id='word_1_146' title='bbox 1308 1955 1336 2017; x_wconf 90' lang='lat' dir='ltr'><strong>si</strong></span> <span class='ocrx_word' id='word_1_147' title='bbox 1358 1954 1456 2041; x_wconf 85' lang='lat' dir='ltr'><strong>igitur</strong></span> 
     </span>
     <span class='ocr_line' id='line_1_16' title="bbox 168 2053 1456 2146; baseline 0.005 -28"><span class='ocrx_word' id='word_1_148' title='bbox 168 2053 399 2138; x_wconf 83' lang='lat' dir='ltr'><strong>phaenomenou</strong></span> <span class='ocrx_word' id='word_1_149' title='bbox 422 2058 630 2146; x_wconf 76' lang='lat' dir='ltr'><strong>quodcumque</strong></span> <span class='ocrx_word' id='word_1_150' title='bbox 651 2072 772 2124; x_wconf 84' lang='lat' dir='ltr'><strong>naturae</strong></span> <span class='ocrx_word' id='word_1_151' title='bbox 797 2073 1001 2145; x_wconf 88' lang='lat' dir='ltr'><strong>proponatur,</strong></span> <span class='ocrx_word' id='word_1_152' title='bbox 1027 2060 1100 2123; x_wconf 70' lang='lat' dir='ltr'><strong>ante</strong></span> <span class='ocrx_word' id='word_1_153' title='bbox 1125 2061 1229 2124; x_wconf 85' lang='lat' dir='ltr'><strong>omnia</strong></span> <span class='ocrx_word' id='word_1_154' title='bbox 1252 2061 1384 2125; x_wconf 71' lang='lat' dir='ltr'><strong>sollicite</strong></span> <span class='ocrx_word' id='word_1_155' title='bbox 1408 2074 1456 2125; x_wconf 82' lang='lat' dir='ltr'><strong>eat</strong></span> 
     </span>
     <span class='ocr_line' id='line_1_17' title="bbox 171 2166 1454 2258; baseline 0.005 -31"><span class='ocrx_word' id='word_1_156' title='bbox 171 2166 400 2252; x_wconf 89' lang='lat' dir='ltr'><strong>inquirendum,</strong></span> <span class='ocrx_word' id='word_1_157' title='bbox 424 2170 465 2233; x_wconf 87' lang='lat' dir='ltr'><strong>ad</strong></span> <span class='ocrx_word' id='word_1_158' title='bbox 488 2170 645 2255; x_wconf 83' lang='lat' dir='ltr'><strong>quodnam</strong></span> <span class='ocrx_word' id='word_1_159' title='bbox 667 2192 766 2258; x_wconf 80' lang='lat' dir='ltr'><strong>genus</strong></span> <span class='ocrx_word' id='word_1_160' title='bbox 781 2170 814 2234; x_wconf 92' lang='lat' dir='ltr'><strong>id</strong></span> <span class='ocrx_word' id='word_1_161' title='bbox 828 2170 983 2255; x_wconf 85' lang='lat' dir='ltr'><strong>pertineat</strong></span> <span class='ocrx_word' id='word_1_162' title='bbox 996 2183 1090 2255; x_wconf 88' lang='lat' dir='ltr'><strong>atque</strong></span> <span class='ocrx_word' id='word_1_163' title='bbox 1103 2182 1209 2233; x_wconf 88' lang='lat' dir='ltr'><strong>utrum</strong></span> <span class='ocrx_word' id='word_1_164' title='bbox 1223 2192 1318 2235; x_wconf 86' lang='lat' dir='ltr'><strong>causa</strong></span> <span class='ocrx_word' id='word_1_165' title='bbox 1331 2172 1363 2232; x_wconf 85' lang='lat' dir='ltr'><strong>iu</strong></span> <span class='ocrx_word' id='word_1_166' title='bbox 1378 2172 1454 2234; x_wconf 78' lang='lat' dir='ltr'><strong>viti·</strong></span> 
     </span>
     <span class='ocr_line' id='line_1_18' title="bbox 168 2274 1454 2365; baseline 0.005 -28"><span class='ocrx_word' id='word_1_167' title='bbox 168 2274 227 2337; x_wconf 91' lang='lat' dir='ltr'><strong>bus</strong></span> <span class='ocrx_word' id='word_1_168' title='bbox 254 2278 390 2341; x_wconf 86' lang='lat' dir='ltr'><strong>externis</strong></span> <span class='ocrx_word' id='word_1_169' title='bbox 416 2278 456 2341; x_wconf 88' lang='lat' dir='ltr'><strong>sit</strong></span> <span class='ocrx_word' id='word_1_170' title='bbox 481 2280 659 2365; x_wconf 87' lang='lat' dir='ltr'><strong>quoerenda,</strong></span> <span class='ocrx_word' id='word_1_171' title='bbox 683 2300 731 2343; x_wconf 76' lang='lat' dir='ltr'><strong>‘an</strong></span> <span class='ocrx_word' id='word_1_172' title='bbox 759 2280 793 2343; x_wconf 90' lang='lat' dir='ltr'><strong>in</strong></span> <span class='ocrx_word' id='word_1_173' title='bbox 821 2281 891 2364; x_wconf 87' lang='lat' dir='ltr'><strong>ipso</strong></span> <span class='ocrx_word' id='word_1_174' title='bbox 915 2279 1056 2365; x_wconf 89' lang='lat' dir='ltr'><strong>subjecto</strong></span> <span class='ocrx_word' id='word_1_175' title='bbox 1081 2278 1237 2363; x_wconf 77' lang='lat' dir='ltr'><strong>corpore?</strong></span> <span class='ocrx_word' id='word_1_176' title='bbox 1272 2279 1454 2355; x_wconf 74' lang='lat' dir='ltr'><strong>Quinetiam</strong></span> 
     </span>
     <span class='ocr_line' id='line_1_19' title="bbox 168 2368 1454 2473; baseline 0.008 -30"><span class='ocrx_word' id='word_1_177' title='bbox 168 2382 384 2465; x_wconf 80' lang='lat' dir='ltr'><strong>saepenumerd</strong></span> <span class='ocrx_word' id='word_1_178' title='bbox 406 2406 465 2447; x_wconf 90' lang='lat' dir='ltr'><strong>usu</strong></span> <span class='ocrx_word' id='word_1_179' title='bbox 485 2368 591 2450; x_wconf 73' lang='lat' dir='ltr'><strong>uenire</strong></span> <span class='ocrx_word' id='word_1_180' title='bbox 611 2399 724 2470; x_wconf 86' lang='lat' dir='ltr'><strong>potest,</strong></span> <span class='ocrx_word' id='word_1_181' title='bbox 748 2399 783 2451; x_wconf 92' lang='lat' dir='ltr'><strong>ut</strong></span> <span class='ocrx_word' id='word_1_182' title='bbox 807 2387 934 2451; x_wconf 83' lang='lat' dir='ltr'><strong>effectus</strong></span> <span class='ocrx_word' id='word_1_183' title='bbox 956 2386 1117 2472; x_wconf 88' lang='lat' dir='ltr'><strong>utriusque</strong></span> <span class='ocrx_word' id='word_1_184' title='bbox 1141 2387 1265 2473; x_wconf 83' lang='lat' dir='ltr'><strong>generis</strong></span> <span class='ocrx_word' id='word_1_185' title='bbox 1288 2386 1322 2449; x_wconf 90' lang='lat' dir='ltr'><strong>in</strong></span> <span class='ocrx_word' id='word_1_186' title='bbox 1343 2388 1454 2453; x_wconf 89' lang='lat' dir='ltr'><strong>eodem</strong></span> 
     </span>
     <span class='ocr_line' id='line_1_20' title="bbox 167 2487 1454 2579; baseline 0.004 -28"><span class='ocrx_word' id='word_1_187' title='bbox 167 2487 377 2573; x_wconf 80' lang='lat' dir='ltr'><strong>phaenomeno</strong></span> <span class='ocrx_word' id='word_1_188' title='bbox 397 2488 532 2556; x_wconf 71' lang='lat' dir='ltr'><strong>multllm</strong></span> <span class='ocrx_word' id='word_1_189' title='bbox 553 2494 616 2556; x_wconf 90' lang='lat' dir='ltr'><strong>sint</strong></span> <span class='ocrx_word' id='word_1_190' title='bbox 630 2493 711 2557; x_wconf 89' lang='lat' dir='ltr'><strong>inter</strong></span> <span class='ocrx_word' id='word_1_191' title='bbox 727 2514 760 2557; x_wconf 87' lang='lat' dir='ltr'><strong>se</strong></span> <span class='ocrx_word' id='word_1_192' title='bbox 772 2492 941 2577; x_wconf 79' lang='lat' dir='ltr'><strong>permixti3</strong></span> <span class='ocrx_word' id='word_1_193' title='bbox 963 2514 1026 2579; x_wconf 92' lang='lat' dir='ltr'><strong>quo</strong></span> <span class='ocrx_word' id='word_1_194' title='bbox 1041 2514 1116 2557; x_wconf 82' lang='lat' dir='ltr'><strong>casu</strong></span> <span class='ocrx_word' id='word_1_195' title='bbox 1130 2513 1251 2555; x_wconf 87' lang='lat' dir='ltr'><strong>summo</strong></span> <span class='ocrx_word' id='word_1_196' title='bbox 1266 2492 1370 2555; x_wconf 88' lang='lat' dir='ltr'><strong>studio</strong></span> <span class='ocrx_word' id='word_1_197' title='bbox 1390 2494 1413 2555; x_wconf 92' lang='lat' dir='ltr'><strong>ii</strong></span> <span class='ocrx_word' id='word_1_198' title='bbox 1433 2515 1454 2556; x_wconf 86' lang='lat' dir='ltr'><strong>a</strong></span> 
     </span>
     <span class='ocr_line' id='line_1_21' title="bbox 169 2596 1454 2686; baseline 0.002 -25"><span class='ocrx_word' id='word_1_199' title='bbox 169 2597 359 2661; x_wconf 84' lang='lat' dir='ltr'><strong>seinvicem</strong></span> <span class='ocrx_word' id='word_1_200' title='bbox 385 2597 520 2665; x_wconf 88' lang='lat' dir='ltr'><strong>discerni</strong></span> <span class='ocrx_word' id='word_1_201' title='bbox 549 2598 621 2663; x_wconf 70' lang='lat' dir='ltr'><strong>ante</strong></span> <span class='ocrx_word' id='word_1_202' title='bbox 649 2599 817 2677; x_wconf 86' lang='lat' dir='ltr'><strong>debebunt,</strong></span> <span class='ocrx_word' id='word_1_203' title='bbox 849 2596 942 2686; x_wconf 70' lang='lat' dir='ltr'><strong>quim</strong></span> <span class='ocrx_word' id='word_1_204' title='bbox 967 2620 1131 2663; x_wconf 84' lang='lat' dir='ltr'><strong>causarum</strong></span> <span class='ocrx_word' id='word_1_205' title='bbox 1161 2598 1357 2684; x_wconf 77' lang='lat' dir='ltr'><strong>investigatio</strong></span> <span class='ocrx_word' id='word_1_206' title='bbox 1385 2620 1454 2664; x_wconf 88' lang='lat' dir='ltr'><strong>sus·</strong></span> 
     </span>
     <span class='ocr_line' id='line_1_22' title="bbox 168 2706 310 2790; baseline 0 -20"><span class='ocrx_word' id='word_1_207' title='bbox 168 2706 310 2790; x_wconf 89' lang='lat' dir='ltr'><strong>cipiatur.</strong></span> 
     </span>
    </p>

    <p class='ocr_par' dir='ltr' id='par_1_5' title="bbox 55 2813 1453 4753">
     <span class='ocr_line' id='line_1_23' title="bbox 210 2813 1453 2905; baseline 0 -26"><span class='ocrx_word' id='word_1_208' title='bbox 210 2820 234 2897; x_wconf 69' lang='lat' dir='ltr'><strong>l.</strong></span> <span class='ocrx_word' id='word_1_209' title='bbox 251 2824 281 2879; x_wconf 86' lang='lat'><strong>8.</strong></span> <span class='ocrx_word' id='word_1_210' title='bbox 306 2814 369 2879; x_wconf 90' lang='lat' dir='ltr'><strong>His</strong></span> <span class='ocrx_word' id='word_1_211' title='bbox 391 2814 450 2880; x_wconf 73' lang='lat' dir='ltr'><strong>rite</strong></span> <span class='ocrx_word' id='word_1_212' title='bbox 470 2816 631 2902; x_wconf 81' lang='lat' dir='ltr'><strong>perpensis</strong></span> <span class='ocrx_word' id='word_1_213' title='bbox 653 2816 819 2900; x_wconf 76' lang='lat' dir='ltr'><strong>explicatio</strong></span> <span class='ocrx_word' id='word_1_214' title='bbox 841 2816 966 2894; x_wconf 82' lang='lat' dir='ltr'><strong>Galilei,</strong></span> <span class='ocrx_word' id='word_1_215' title='bbox 992 2838 1085 2905; x_wconf 88' lang='lat' dir='ltr'><strong>quam</strong></span> <span class='ocrx_word' id='word_1_216' title='bbox 1107 2816 1140 2879; x_wconf 90' lang='lat' dir='ltr'><strong>in</strong></span> <span class='ocrx_word' id='word_1_217' title='bbox 1162 2816 1226 2880; x_wconf 90' lang='lat' dir='ltr'><strong>suis</strong></span> <span class='ocrx_word' id='word_1_218' title='bbox 1245 2813 1391 2902; x_wconf 82' lang='lat' dir='ltr'><strong>Dialogis</strong></span> <span class='ocrx_word' id='word_1_219' title='bbox 1411 2815 1453 2879; x_wconf 90' lang='lat' dir='ltr'><strong>de</strong></span> 
     </span>
     <span class='ocr_line' id='line_1_24' title="bbox 168 2919 1453 3009; baseline 0.002 -26"><span class='ocrx_word' id='word_1_220' title='bbox 168 2919 263 2983; x_wconf 86' lang='lat' dir='ltr'><strong>AEstu</strong></span> <span class='ocrx_word' id='word_1_221' title='bbox 281 2920 380 2984; x_wconf 87' lang='lat' dir='ltr'><strong>Maris</strong></span> <span class='ocrx_word' id='word_1_222' title='bbox 395 2923 553 3009; x_wconf 83' lang='lat' dir='ltr'><strong>assignare</strong></span> <span class='ocrx_word' id='word_1_223' title='bbox 568 2934 616 2987; x_wconf 91' lang='lat' dir='ltr'><strong>est</strong></span> <span class='ocrx_word' id='word_1_224' title='bbox 630 2935 768 3000; x_wconf 89' lang='lat' dir='ltr'><strong>conatus,</strong></span> <span class='ocrx_word' id='word_1_225' title='bbox 783 2944 860 2986; x_wconf 85' lang='lat' dir='ltr'><strong>mox</strong></span> <span class='ocrx_word' id='word_1_226' title='bbox 874 2923 1028 2999; x_wconf 84' lang='lat' dir='ltr'><strong>concidit3</strong></span> <span class='ocrx_word' id='word_1_227' title='bbox 1049 2924 1170 3008; x_wconf 83' lang='lat' dir='ltr'><strong>putavit</strong></span> <span class='ocrx_word' id='word_1_228' title='bbox 1184 2923 1267 2986; x_wconf 88' lang='lat' dir='ltr'><strong>enim</strong></span> <span class='ocrx_word' id='word_1_229' title='bbox 1279 2922 1400 2985; x_wconf 86' lang='lat' dir='ltr'><strong>fluxum</strong></span> <span class='ocrx_word' id='word_1_230' title='bbox 1415 2944 1453 2985; x_wconf 92' lang='lat' dir='ltr'><strong>ac</strong></span> 
     </span>
     <span class='ocr_line' id='line_1_25' title="bbox 166 3030 1453 3113; baseline 0.002 -21"><span class='ocrx_word' id='word_1_231' title='bbox 166 3030 321 3093; x_wconf 85' lang='lat' dir='ltr'><strong>refluxum</strong></span> <span class='ocrx_word' id='word_1_232' title='bbox 336 3032 429 3095; x_wconf 88' lang='lat' dir='ltr'><strong>maris</strong></span> <span class='ocrx_word' id='word_1_233' title='bbox 445 3031 566 3096; x_wconf 77' lang='lat' dir='ltr'><strong>tantum</strong></span> <span class='ocrx_word' id='word_1_234' title='bbox 582 3055 601 3095; x_wconf 88' lang='lat' dir='ltr'><strong>a</strong></span> <span class='ocrx_word' id='word_1_235' title='bbox 614 3032 749 3095; x_wconf 89' lang='lat' dir='ltr'><strong>motibus</strong></span> <span class='ocrx_word' id='word_1_236' title='bbox 765 3032 876 3096; x_wconf 85' lang='lat' dir='ltr'><strong>Terroe</strong></span> <span class='ocrx_word' id='word_1_237' title='bbox 891 3034 1041 3096; x_wconf 86' lang='lat' dir='ltr'><strong>rotatorio</strong></span> <span class='ocrx_word' id='word_1_238' title='bbox 1052 3033 1134 3095; x_wconf 78' lang='lat' dir='ltr'><strong>circa</strong></span> <span class='ocrx_word' id='word_1_239' title='bbox 1143 3052 1236 3093; x_wconf 84' lang='lat' dir='ltr'><strong>axem</strong></span> <span class='ocrx_word' id='word_1_240' title='bbox 1246 3042 1279 3093; x_wconf 88' lang='lat' dir='ltr'><strong>et</strong></span> <span class='ocrx_word' id='word_1_241' title='bbox 1291 3030 1453 3113; x_wconf 89' lang='lat' dir='ltr'><strong>periodioo</strong></span> 
     </span>
     <span class='ocr_line' id='line_1_26' title="bbox 168 3138 1451 3229; baseline 0.002 -28"><span class='ocrx_word' id='word_1_242' title='bbox 168 3138 250 3204; x_wconf 88' lang='lat' dir='ltr'><strong>circa</strong></span> <span class='ocrx_word' id='word_1_243' title='bbox 268 3140 372 3206; x_wconf 89' lang='lat' dir='ltr'><strong>Solem</strong></span> <span class='ocrx_word' id='word_1_244' title='bbox 388 3142 473 3221; x_wconf 90' lang='lat' dir='ltr'><strong>oriri,</strong></span> <span class='ocrx_word' id='word_1_245' title='bbox 497 3164 598 3229; x_wconf 88' lang='lat' dir='ltr'><strong>neque</strong></span> <span class='ocrx_word' id='word_1_246' title='bbox 613 3143 679 3207; x_wconf 88' lang='lat' dir='ltr'><strong>aliis</strong></span> <span class='ocrx_word' id='word_1_247' title='bbox 694 3142 810 3207; x_wconf 84' lang='lat' dir='ltr'><strong>viribus</strong></span> <span class='ocrx_word' id='word_1_248' title='bbox 825 3144 921 3207; x_wconf 90' lang='lat' dir='ltr'><strong>tribui</strong></span> <span class='ocrx_word' id='word_1_249' title='bbox 939 3159 1094 3228; x_wconf 86' lang='lat' dir='ltr'><strong>oportere,</strong></span> <span class='ocrx_word' id='word_1_250' title='bbox 1116 3142 1176 3205; x_wconf 89' lang='lat' dir='ltr'><strong>nisi</strong></span> <span class='ocrx_word' id='word_1_251' title='bbox 1191 3160 1262 3227; x_wconf 85' lang='lat' dir='ltr'><strong>quae</strong></span> <span class='ocrx_word' id='word_1_252' title='bbox 1276 3140 1334 3205; x_wconf 91' lang='lat' dir='ltr'><strong>hos</strong></span> <span class='ocrx_word' id='word_1_253' title='bbox 1347 3152 1451 3205; x_wconf 86' lang='lat' dir='ltr'><strong>motus</strong></span> 
     </span>
     <span class='ocr_line' id='line_1_27' title="bbox 165 3244 1452 3337; baseline -0.002 -24"><span class='ocrx_word' id='word_1_254' title='bbox 165 3244 232 3313; x_wconf 76' lang='lat' dir='ltr'><strong>tum</strong></span> <span class='ocrx_word' id='word_1_255' title='bbox 248 3248 432 3331; x_wconf 84' lang='lat' dir='ltr'><strong>producant,</strong></span> <span class='ocrx_word' id='word_1_256' title='bbox 449 3248 520 3313; x_wconf 74' lang='lat' dir='ltr'><strong>culm</strong></span> <span class='ocrx_word' id='word_1_257' title='bbox 535 3263 726 3315; x_wconf 83' lang='lat' dir='ltr'><strong>conservent.</strong></span> <span class='ocrx_word' id='word_1_258' title='bbox 771 3250 916 3337; x_wconf 83' lang='lat' dir='ltr'><strong>Namque</strong></span> <span class='ocrx_word' id='word_1_259' title='bbox 931 3250 958 3314; x_wconf 91' lang='lat' dir='ltr'><strong>si</strong></span> <span class='ocrx_word' id='word_1_260' title='bbox 971 3272 1124 3335; x_wconf 88' lang='lat' dir='ltr'><strong>ponamus</strong></span> <span class='ocrx_word' id='word_1_261' title='bbox 1135 3248 1269 3313; x_wconf 84' lang='lat' dir='ltr'><strong>Terram</strong></span> <span class='ocrx_word' id='word_1_262' title='bbox 1282 3248 1351 3312; x_wconf 88' lang='lat' dir='ltr'><strong>solo</strong></span> <span class='ocrx_word' id='word_1_263' title='bbox 1363 3260 1452 3311; x_wconf 85' lang='lat' dir='ltr'><strong>motu</strong></span> 
     </span>
     <span class='ocr_line' id='line_1_28' title="bbox 166 3352 1452 3443; baseline 0 -23"><span class='ocrx_word' id='word_1_264' title='bbox 166 3356 279 3441; x_wconf 81' lang='lat' dir='ltr'><strong>diurno</strong></span> <span class='ocrx_word' id='word_1_265' title='bbox 304 3380 371 3422; x_wconf 91' lang='lat' dir='ltr'><strong>esse</strong></span> <span class='ocrx_word' id='word_1_266' title='bbox 394 3352 568 3443; x_wconf 66' lang='lat' dir='ltr'><strong>praeditam,</strong></span> <span class='ocrx_word' id='word_1_267' title='bbox 593 3360 651 3424; x_wconf 91' lang='lat' dir='ltr'><strong>iste</strong></span> <span class='ocrx_word' id='word_1_268' title='bbox 676 3372 778 3425; x_wconf 89' lang='lat' dir='ltr'><strong>motus</strong></span> <span class='ocrx_word' id='word_1_269' title='bbox 802 3384 889 3425; x_wconf 87' lang='lat' dir='ltr'><strong>mare</strong></span> <span class='ocrx_word' id='word_1_270' title='bbox 913 3361 1001 3425; x_wconf 87' lang='lat' dir='ltr'><strong>aliter</strong></span> <span class='ocrx_word' id='word_1_271' title='bbox 1026 3384 1091 3425; x_wconf 92' lang='lat' dir='ltr'><strong>non</strong></span> <span class='ocrx_word' id='word_1_272' title='bbox 1112 3360 1233 3438; x_wconf 86' lang='lat' dir='ltr'><strong>afficiet,</strong></span> <span class='ocrx_word' id='word_1_273' title='bbox 1257 3360 1317 3423; x_wconf 90' lang='lat' dir='ltr'><strong>nisi</strong></span> <span class='ocrx_word' id='word_1_274' title='bbox 1338 3358 1371 3421; x_wconf 92' lang='lat' dir='ltr'><strong>id</strong></span> <span class='ocrx_word' id='word_1_275' title='bbox 1392 3356 1452 3421; x_wconf 91' lang='lat' dir='ltr'><strong>sub</strong></span> 
     </span>
     <span class='ocr_line' id='line_1_29' title="bbox 165 3463 1451 3554; baseline -0.001 -27"><span class='ocrx_word' id='word_1_276' title='bbox 165 3478 324 3549; x_wconf 83' lang='lat' dir='ltr'><strong>aequatore</strong></span> <span class='ocrx_word' id='word_1_277' title='bbox 337 3463 518 3543; x_wconf 89' lang='lat' dir='ltr'><strong>attollendo,</strong></span> <span class='ocrx_word' id='word_1_278' title='bbox 541 3488 581 3529; x_wconf 89' lang='lat' dir='ltr'><strong>ex</strong></span> <span class='ocrx_word' id='word_1_279' title='bbox 596 3489 659 3553; x_wconf 92' lang='lat' dir='ltr'><strong>quo</strong></span> <span class='ocrx_word' id='word_1_280' title='bbox 674 3467 776 3554; x_wconf 77' lang='lat' dir='ltr'><strong>ligura</strong></span> <span class='ocrx_word' id='word_1_281' title='bbox 797 3468 909 3532; x_wconf 76' lang='lat' dir='ltr'><strong>Terrae</strong></span> <span class='ocrx_word' id='word_1_282' title='bbox 924 3466 1130 3553; x_wconf 81' lang='lat' dir='ltr'><strong>sphaeroidica</strong></span> <span class='ocrx_word' id='word_1_283' title='bbox 1152 3486 1328 3550; x_wconf 87' lang='lat' dir='ltr'><strong>compressa</strong></span> <span class='ocrx_word' id='word_1_284' title='bbox 1350 3464 1451 3527; x_wconf 89' lang='lat' dir='ltr'><strong>nasci·</strong></span> 
     </span>
     <span class='ocr_line' id='line_1_30' title="bbox 92 3567 1449 3663; baseline -0.001 -27"><span class='ocrx_word' id='word_1_285' title='bbox 92 3652 94 3656; x_wconf 19' lang='grc' dir='ltr'>ι</span> <span class='ocrx_word' id='word_1_286' title='bbox 165 3585 228 3650; x_wconf 90' lang='lat' dir='ltr'><strong>tur,</strong></span> <span class='ocrx_word' id='word_1_287' title='bbox 251 3586 354 3639; x_wconf 90' lang='lat' dir='ltr'><strong>motus</strong></span> <span class='ocrx_word' id='word_1_288' title='bbox 377 3576 451 3640; x_wconf 82' lang='lat' dir='ltr'><strong>verd</strong></span> <span class='ocrx_word' id='word_1_289' title='bbox 466 3578 643 3663; x_wconf 89' lang='lat' dir='ltr'><strong>reciprocus</strong></span> <span class='ocrx_word' id='word_1_290' title='bbox 666 3576 699 3641; x_wconf 90' lang='lat' dir='ltr'><strong>iu</strong></span> <span class='ocrx_word' id='word_1_291' title='bbox 722 3578 800 3639; x_wconf 86' lang='lat' dir='ltr'><strong>mari</strong></span> <span class='ocrx_word' id='word_1_292' title='bbox 821 3567 950 3641; x_wconf 81' lang='lat' dir='ltr'><strong>omnind</strong></span> <span class='ocrx_word' id='word_1_293' title='bbox 964 3576 1068 3640; x_wconf 89' lang='lat' dir='ltr'><strong>nullus</strong></span> <span class='ocrx_word' id='word_1_294' title='bbox 1082 3575 1156 3639; x_wconf 90' lang='lat' dir='ltr'><strong>hinc</strong></span> <span class='ocrx_word' id='word_1_295' title='bbox 1170 3574 1313 3662; x_wconf 84' lang='lat' dir='ltr'><strong>generari</strong></span> <span class='ocrx_word' id='word_1_296' title='bbox 1326 3572 1449 3657; x_wconf 85' lang='lat' dir='ltr'><strong>poterit</strong></span> 
     </span>
     <span class='ocr_line' id='line_1_31' title="bbox 166 3678 1450 3770; baseline 0.002 -27"><span class='ocrx_word' id='word_1_297' title='bbox 166 3678 264 3756; x_wconf 83' lang='lat' dir='ltr'><strong>Qudd</strong></span> <span class='ocrx_word' id='word_1_298' title='bbox 279 3682 305 3745; x_wconf 89' lang='lat' dir='ltr'><strong>si</strong></span> <span class='ocrx_word' id='word_1_299' title='bbox 327 3694 431 3746; x_wconf 90' lang='lat' dir='ltr'><strong>autem</strong></span> <span class='ocrx_word' id='word_1_300' title='bbox 445 3683 557 3747; x_wconf 72' lang='lat' dir='ltr'><strong>Terrae</strong></span> <span class='ocrx_word' id='word_1_301' title='bbox 571 3684 699 3768; x_wconf 89' lang='lat' dir='ltr'><strong>insuper</strong></span> <span class='ocrx_word' id='word_1_302' title='bbox 713 3696 833 3747; x_wconf 91' lang='lat' dir='ltr'><strong>motum</strong></span> <span class='ocrx_word' id='word_1_303' title='bbox 847 3683 1033 3770; x_wconf 85' lang='lat' dir='ltr'><strong>oequabilem</strong></span> <span class='ocrx_word' id='word_1_304' title='bbox 1052 3684 1086 3747; x_wconf 91' lang='lat' dir='ltr'><strong>in</strong></span> <span class='ocrx_word' id='word_1_305' title='bbox 1101 3682 1252 3747; x_wconf 86' lang='lat' dir='ltr'><strong>directum</strong></span> <span class='ocrx_word' id='word_1_306' title='bbox 1267 3682 1450 3760; x_wconf 84' lang='lat' dir='ltr'><strong>tribuamus,</strong></span> 
     </span>
     <span class='ocr_line' id='line_1_32' title="bbox 162 3788 1449 3879; baseline 0.004 -29"><span class='ocrx_word' id='word_1_307' title='bbox 162 3790 271 3875; x_wconf 87' lang='lat' dir='ltr'><strong>priora</strong></span> <span class='ocrx_word' id='word_1_308' title='bbox 287 3788 495 3874; x_wconf 70' lang='lat' dir='ltr'><strong>phaenomena</strong></span> <span class='ocrx_word' id='word_1_309' title='bbox 508 3792 596 3855; x_wconf 88' lang='lat' dir='ltr'><strong>nullo</strong></span> <span class='ocrx_word' id='word_1_310' title='bbox 611 3792 706 3857; x_wconf 92' lang='lat' dir='ltr'><strong>modo</strong></span> <span class='ocrx_word' id='word_1_311' title='bbox 721 3793 903 3871; x_wconf 85' lang='lat' dir='ltr'><strong>afficientur,</strong></span> <span class='ocrx_word' id='word_1_312' title='bbox 927 3794 983 3857; x_wconf 90' lang='lat' dir='ltr'><strong>sed</strong></span> <span class='ocrx_word' id='word_1_313' title='bbox 1003 3792 1132 3879; x_wconf 72' lang='lat' dir='ltr'><strong>prorsuis</strong></span> <span class='ocrx_word' id='word_1_314' title='bbox 1146 3792 1255 3857; x_wconf 87' lang='lat' dir='ltr'><strong>eedem</strong></span> <span class='ocrx_word' id='word_1_315' title='bbox 1270 3792 1449 3870; x_wconf 87' lang='lat' dir='ltr'><strong>manebunt,</strong></span> 
     </span>
     <span class='ocr_line' id='line_1_33' title="bbox 165 3896 1451 3991; baseline 0.004 -30"><span class='ocrx_word' id='word_1_316' title='bbox 165 3896 430 3982; x_wconf 88' lang='lat' dir='ltr'><strong>quemadmodum</strong></span> <span class='ocrx_word' id='word_1_317' title='bbox 452 3922 493 3965; x_wconf 85' lang='lat' dir='ltr'><strong>ex</strong></span> <span class='ocrx_word' id='word_1_318' title='bbox 513 3902 673 3989; x_wconf 89' lang='lat' dir='ltr'><strong>principiis</strong></span> <span class='ocrx_word' id='word_1_319' title='bbox 688 3902 878 3968; x_wconf 88' lang='lat' dir='ltr'><strong>mechanicis</strong></span> <span class='ocrx_word' id='word_1_320' title='bbox 893 3904 1062 3969; x_wconf 75' lang='lat' dir='ltr'><strong>clarissime</strong></span> <span class='ocrx_word' id='word_1_321' title='bbox 1082 3903 1217 3989; x_wconf 85' lang='lat' dir='ltr'><strong>perspici</strong></span> <span class='ocrx_word' id='word_1_322' title='bbox 1236 3904 1317 3981; x_wconf 89' lang='lat' dir='ltr'><strong>licet,</strong></span> <span class='ocrx_word' id='word_1_323' title='bbox 1337 3904 1451 3991; x_wconf 90' lang='lat' dir='ltr'><strong>quibua</strong></span> 
     </span>
     <span class='ocr_line' id='line_1_34' title="bbox 161 4010 1452 4098; baseline 0.005 -28"><span class='ocrx_word' id='word_1_324' title='bbox 161 4018 286 4097; x_wconf 34' lang='lat' dir='ltr'><strong>‘constat</strong></span> <span class='ocrx_word' id='word_1_325' title='bbox 299 4022 420 4074; x_wconf 89' lang='lat' dir='ltr'><strong>motum</strong></span> <span class='ocrx_word' id='word_1_326' title='bbox 434 4010 621 4078; x_wconf 86' lang='lat' dir='ltr'><strong>uniformem</strong></span> <span class='ocrx_word' id='word_1_327' title='bbox 636 4014 669 4076; x_wconf 92' lang='lat' dir='ltr'><strong>in</strong></span> <span class='ocrx_word' id='word_1_328' title='bbox 684 4013 837 4078; x_wconf 88' lang='lat' dir='ltr'><strong>directum</strong></span> <span class='ocrx_word' id='word_1_329' title='bbox 852 4015 995 4077; x_wconf 88' lang='lat' dir='ltr'><strong>omnibus</strong></span> <span class='ocrx_word' id='word_1_330' title='bbox 1009 4014 1150 4098; x_wconf 88' lang='lat' dir='ltr'><strong>partibus</strong></span> <span class='ocrx_word' id='word_1_331' title='bbox 1165 4012 1339 4097; x_wconf 82' lang='lat' dir='ltr'><strong>systematis</strong></span> <span class='ocrx_word' id='word_1_332' title='bbox 1348 4013 1452 4097; x_wconf 89' lang='lat' dir='ltr'><strong>cujus·</strong></span> 
     </span>
     <span class='ocr_line' id='line_1_35' title="bbox 55 4115 1452 4211; baseline 0.004 -35"><span class='ocrx_word' id='word_1_333' title='bbox 55 4200 59 4211; x_wconf 30' lang='grc'>1</span> <span class='ocrx_word' id='word_1_334' title='bbox 159 4134 289 4201; x_wconf 85' lang='lat' dir='ltr'><strong>¹cunque</strong></span> <span class='ocrx_word' id='word_1_335' title='bbox 315 4137 482 4209; x_wconf 85' lang='lat' dir='ltr'><strong>corporum</strong></span> <span class='ocrx_word' id='word_1_336' title='bbox 508 4119 669 4205; x_wconf 79' lang='lat' dir='ltr'><strong>aequaliter</strong></span> <span class='ocrx_word' id='word_1_337' title='bbox 693 4120 880 4205; x_wconf 84' lang='lat' dir='ltr'><strong>impressum</strong></span> <span class='ocrx_word' id='word_1_338' title='bbox 902 4121 1021 4183; x_wconf 87' lang='lat' dir='ltr'><strong>nullam</strong></span> <span class='ocrx_word' id='word_1_339' title='bbox 1045 4116 1175 4183; x_wconf 79' lang='lat' dir='ltr'><strong>omnind</strong></span> <span class='ocrx_word' id='word_1_340' title='bbox 1193 4117 1396 4182; x_wconf 83' lang='lat' dir='ltr'><strong>mutationem</strong></span> <span class='ocrx_word' id='word_1_341' title='bbox 1418 4115 1452 4181; x_wconf 91' lang='lat' dir='ltr'><strong>in</strong></span> 
     </span>
     <span class='ocr_line' id='line_1_36' title="bbox 162 4208 1452 4315; baseline 0.002 -27"><span class='ocrx_word' id='word_1_342' title='bbox 162 4234 250 4288; x_wconf 87' lang='lat' dir='ltr'><strong>motu</strong></span> <span class='ocrx_word' id='word_1_343' title='bbox 273 4236 306 4287; x_wconf 88' lang='lat' dir='ltr'><strong>et</strong></span> <span class='ocrx_word' id='word_1_344' title='bbox 327 4224 387 4291; x_wconf 90' lang='lat' dir='ltr'><strong>situ</strong></span> <span class='ocrx_word' id='word_1_345' title='bbox 408 4228 544 4311; x_wconf 90' lang='lat' dir='ltr'><strong>partium</strong></span> <span class='ocrx_word' id='word_1_346' title='bbox 563 4230 692 4295; x_wconf 86' lang='lat' dir='ltr'><strong>relativo</strong></span> <span class='ocrx_word' id='word_1_347' title='bbox 714 4208 838 4295; x_wconf 80' lang='lat' dir='ltr'><strong>inferre.</strong></span> <span class='ocrx_word' id='word_1_348' title='bbox 883 4230 987 4295; x_wconf 81' lang='lat' dir='ltr'><strong>Abest</strong></span> <span class='ocrx_word' id='word_1_349' title='bbox 1001 4252 1086 4294; x_wconf 90' lang='lat' dir='ltr'><strong>nunc</strong></span> <span class='ocrx_word' id='word_1_350' title='bbox 1100 4242 1203 4293; x_wconf 92' lang='lat' dir='ltr'><strong>motus</strong></span> <span class='ocrx_word' id='word_1_351' title='bbox 1218 4229 1277 4293; x_wconf 89' lang='lat' dir='ltr'><strong>iste</strong></span> <span class='ocrx_word' id='word_1_352' title='bbox 1291 4213 1452 4315; x_wconf 78' lang='lat' dir='ltr'><strong>aequabilis</strong></span> 
     </span>
     <span class='ocr_line' id='line_1_37' title="bbox 158 4316 1452 4428; baseline 0.002 -31"><span class='ocrx_word' id='word_1_353' title='bbox 158 4332 275 4411; x_wconf 60' lang='lat' dir='ltr'><strong>‚Terrae</strong></span> <span class='ocrx_word' id='word_1_354' title='bbox 289 4332 322 4395; x_wconf 92' lang='lat' dir='ltr'><strong>in</strong></span> <span class='ocrx_word' id='word_1_355' title='bbox 337 4334 491 4399; x_wconf 91' lang='lat' dir='ltr'><strong>directum</strong></span> <span class='ocrx_word' id='word_1_356' title='bbox 505 4337 673 4422; x_wconf 88' lang='lat' dir='ltr'><strong>impressus</strong></span> <span class='ocrx_word' id='word_1_357' title='bbox 689 4318 722 4401; x_wconf 91' lang='lat' dir='ltr'><strong>in</strong></span> <span class='ocrx_word' id='word_1_358' title='bbox 734 4316 916 4403; x_wconf 78' lang='lat' dir='ltr'><strong>circularem</strong></span> <span class='ocrx_word' id='word_1_359' title='bbox 927 4339 976 4402; x_wconf 86' lang='lat' dir='ltr'><strong>vel</strong></span> <span class='ocrx_word' id='word_1_360' title='bbox 991 4338 1162 4422; x_wconf 88' lang='lat' dir='ltr'><strong>ellipticnm</strong></span> <span class='ocrx_word' id='word_1_361' title='bbox 1175 4358 1233 4422; x_wconf 90' lang='lat' dir='ltr'><strong>per</strong></span> <span class='ocrx_word' id='word_1_362' title='bbox 1247 4338 1328 4428; x_wconf 81' lang='lat' dir='ltr'><strong>vires</strong></span> <span class='ocrx_word' id='word_1_363' title='bbox 1340 4338 1452 4423; x_wconf 89' lang='lat' dir='ltr'><strong>quibus</strong></span> 
     </span>
     <span class='ocr_line' id='line_1_38' title="bbox 164 4442 1452 4537; baseline 0.002 -30"><span class='ocrx_word' id='word_1_364' title='bbox 164 4442 266 4533; x_wconf 81' lang='lat' dir='ltr'><strong>Terra</strong></span> <span class='ocrx_word' id='word_1_365' title='bbox 285 4444 440 4536; x_wconf 71' lang='lat' dir='ltr'><strong>perpetui</strong></span> <span class='ocrx_word' id='word_1_366' title='bbox 462 4446 502 4509; x_wconf 90' lang='lat' dir='ltr'><strong>ad</strong></span> <span class='ocrx_word' id='word_1_367' title='bbox 527 4447 631 4513; x_wconf 87' lang='lat' dir='ltr'><strong>Solem</strong></span> <span class='ocrx_word' id='word_1_368' title='bbox 654 4462 800 4537; x_wconf 84' lang='lat' dir='ltr'><strong>urgetur3</strong></span> <span class='ocrx_word' id='word_1_369' title='bbox 824 4470 862 4511; x_wconf 88' lang='lat' dir='ltr'><strong>ac</strong></span> <span class='ocrx_word' id='word_1_370' title='bbox 883 4470 923 4511; x_wconf 88' lang='lat' dir='ltr'><strong>ne</strong></span> <span class='ocrx_word' id='word_1_371' title='bbox 942 4448 1004 4511; x_wconf 91' lang='lat' dir='ltr'><strong>hoc</strong></span> <span class='ocrx_word' id='word_1_372' title='bbox 1018 4446 1145 4534; x_wconf 87' lang='lat' dir='ltr'><strong>quidem</strong></span> <span class='ocrx_word' id='word_1_373' title='bbox 1160 4469 1233 4511; x_wconf 85' lang='lat' dir='ltr'><strong>casu</strong></span> <span class='ocrx_word' id='word_1_374' title='bbox 1248 4444 1331 4509; x_wconf 90' lang='lat' dir='ltr'><strong>ullus</strong></span> <span class='ocrx_word' id='word_1_375' title='bbox 1349 4457 1452 4509; x_wconf 87' lang='lat' dir='ltr'><strong>motus</strong></span> 
     </span>
     <span class='ocr_line' id='line_1_39' title="bbox 162 4536 1452 4649; baseline 0.002 -34"><span class='ocrx_word' id='word_1_376' title='bbox 162 4553 341 4636; x_wconf 88' lang='lat' dir='ltr'><strong>reciprocus</strong></span> <span class='ocrx_word' id='word_1_377' title='bbox 364 4554 398 4616; x_wconf 89' lang='lat' dir='ltr'><strong>in</strong></span> <span class='ocrx_word' id='word_1_378' title='bbox 423 4555 504 4619; x_wconf 88' lang='lat' dir='ltr'><strong>mari</strong></span> <span class='ocrx_word' id='word_1_379' title='bbox 525 4556 657 4645; x_wconf 86' lang='lat' dir='ltr'><strong>produci</strong></span> <span class='ocrx_word' id='word_1_380' title='bbox 683 4558 818 4649; x_wconf 81' lang='lat' dir='ltr'><strong>poterit3</strong></span> <span class='ocrx_word' id='word_1_381' title='bbox 843 4558 927 4644; x_wconf 92' lang='lat' dir='ltr'><strong>quod</strong></span> <span class='ocrx_word' id='word_1_382' title='bbox 948 4536 1019 4622; x_wconf 80' lang='lat' dir='ltr'><strong>crim</strong></span> <span class='ocrx_word' id='word_1_383' title='bbox 1040 4579 1097 4643; x_wconf 88' lang='lat' dir='ltr'><strong>per</strong></span> <span class='ocrx_word' id='word_1_384' title='bbox 1119 4580 1153 4621; x_wconf 89' lang='lat' dir='ltr'><strong>se</strong></span> <span class='ocrx_word' id='word_1_385' title='bbox 1173 4568 1221 4621; x_wconf 88' lang='lat' dir='ltr'><strong>est</strong></span> <span class='ocrx_word' id='word_1_386' title='bbox 1241 4556 1452 4641; x_wconf 88' lang='lat' dir='ltr'><strong>perspicuum,</strong></span> 
     </span>
     <span class='ocr_line' id='line_1_40' title="bbox 55 4657 1453 4753; baseline 0.001 -28"><span class='ocrx_word' id='word_1_387' title='bbox 55 4726 58 4731; x_wconf 85' lang='grc'>,</span> <span class='ocrx_word' id='word_1_388' title='bbox 154 4657 232 4749; x_wconf 69' lang='lat' dir='ltr'><strong>¹tiun</strong></span> <span class='ocrx_word' id='word_1_389' title='bbox 248 4658 348 4735; x_wconf 68' lang='lat' dir='ltr'><strong>etiam,</strong></span> <span class='ocrx_word' id='word_1_390' title='bbox 361 4660 403 4753; x_wconf 34' lang='lat' dir='ltr'><strong>ab·</strong></span> <span class='ocrx_word' id='word_1_391' title='bbox 422 4661 492 4749; x_wconf 91' lang='lat' dir='ltr'><strong>ipso</strong></span> <span class='ocrx_word' id='word_1_392' title='bbox 509 4662 633 4746; x_wconf 81' lang='lat' dir='ltr'><strong>Galileo</strong></span> <span class='ocrx_word' id='word_1_393' title='bbox 647 4686 712 4728; x_wconf 89' lang='lat' dir='ltr'><strong>uon</strong></span> <span class='ocrx_word' id='word_1_394' title='bbox 727 4666 888 4731; x_wconf 86' lang='lat' dir='ltr'><strong>statuitur:</strong></span> <span class='ocrx_word' id='word_1_395' title='bbox 912 4667 978 4751; x_wconf 89' lang='lat' dir='ltr'><strong>ipse</strong></span> <span class='ocrx_word' id='word_1_396' title='bbox 993 4667 1075 4730; x_wconf 89' lang='lat' dir='ltr'><strong>enim</strong></span> <span class='ocrx_word' id='word_1_397' title='bbox 1091 4686 1156 4729; x_wconf 91' lang='lat' dir='ltr'><strong>non</strong></span> <span class='ocrx_word' id='word_1_398' title='bbox 1170 4661 1235 4728; x_wconf 77' lang='lat' dir='ltr'><strong>tim</strong></span> <span class='ocrx_word' id='word_1_399' title='bbox 1249 4686 1291 4729; x_wconf 86' lang='lat' dir='ltr'><strong>ex</strong></span> <span class='ocrx_word' id='word_1_400' title='bbox 1303 4657 1453 4728; x_wconf 79' lang='lat' dir='ltr'><strong>mixtione</strong></span> 
     </span>
    </p>
   </div>
   <div class='ocr_carea' id='block_1_4' title="bbox 0 0 1646 5517">
    <p class='ocr_par' dir='ltr' id='par_1_6' title="bbox 0 0 1646 5517">
     <span class='ocr_line' id='line_1_41' title="bbox 0 0 1646 5517; baseline 0 5"><span class='ocrx_word' id='word_1_401' title='bbox 0 0 1646 5517; x_wconf 95' lang='lat' dir='ltr'><strong> </strong></span> 
     </span>
    </p>
   </div>
  </div>
 </body>
</html>
