3284 5517
152 329 244 434 on.
261 368 323 449 ιι]
531 368 597 433 ιι)
620 366 843 433 ιιιιιιιιιιι
866 366 1065 433 mesum.
1358 368 1446 434 xxva

163 540 287 627 AqT,
310 539 914 626 itqu·adAT,ide6queexoequo‚
936 540 1024 605 dnus
1042 536 1238 622 passimam
1256 536 1456 613 uorat·

158 646 201 710 ad
223 647 327 711 sinum
347 646 543 730 parallaxeos
564 646 595 709 A
618 669 639 731 q
663 646 694 711 T
716 657 751 709 nt
772 668 793 731 q
816 644 1008 720 TadQT.
1053 642 1447 729 lisquoetiamsequitur

160 754 300 819 siderum
320 754 354 817 in
374 754 484 819 eidem
506 753 668 819 altitudine
689 766 861 839 apparente
880 752 1093 828 existentium,
1107 750 1201 837 hujus
1215 752 1366 836 majorem
1378 772 1448 817 ease

161 860 344 947 parallaxim
360 862 446 947 qnod
460 860 562 927 minda
576 861 670 927 distat
684 884 703 925 e
717 874 826 927 centro
839 874 942 925 terme.
1179 847 1187 860 ’
1389 856 1393 862 ’

205 980 257 1037 88.
281 970 454 1037 Parallaxis
476 968 658 1047 altitudinis,
682 970 729 1033 uti
751 968 791 1033 de
817 967 1005 1033 refractiooe
1027 966 1147 1033 dictum
1169 978 1228 1044 est,
1257 966 1369 1033 sideris
1391 965 1448 1033 de·

159 1078 367 1155 eductionem,
397 1078 608 1143 ascensionem
637 1090 764 1154 rectam,
795 1075 1026 1163 longitudinem
1049 1088 1082 1141 et
1105 1075 1303 1141 latitudinem
1326 1087 1445 1153 mutat3

159 1200 192 1252 et
212 1186 324 1251 eodem
344 1185 443 1251 modo
464 1208 528 1272 qno
549 1208 589 1249 ex
611 1184 795 1261 refractione
817 1186 990 1250 altitudinis
1015 1186 1218 1251 inveniuntur
1240 1185 1311 1251 alite
1332 1182 1448 1249 refiac-

160 1295 281 1361 tionum
295 1293 423 1381 species,
439 1294 483 1358 sic
498 1314 538 1359 ex
553 1292 625 1357 dati
640 1292 794 1379 parallaxi
808 1292 982 1359 altitudinis
996 1306 1148 1359 eruuntur
1161 1294 1336 1379 pamllaxes
1350 1293 1447 1358 decli·

110 1450 115 1455 ·
159 1403 303 1480 nationis,
334 1402 522 1467 ascensionis
551 1415 655 1479 recta,
686 1401 891 1491 longitudinis
919 1414 953 1467 et
981 1402 1172 1481 latitudini&
1210 1403 1288 1469 illud
1321 1426 1447 1490 quoqne

159 1509 387 1575 observandmn
408 1520 456 1574 est
477 1509 586 1574 sideris
607 1510 640 1573 in
658 1509 831 1573 meridiano
852 1510 1013 1575 existentis
1027 1510 1148 1574 nnllam
1168 1532 1237 1575 esse
1257 1510 1447 1575 ascensionis

158 1634 254 1685 rectae
274 1618 491 1685 reli-actionem
510 1642 569 1684 nec
589 1619 791 1703 parallaxim3
815 1617 889 1683 cnm
912 1618 996 1683 enim
1014 1619 1186 1683 altitudinis
1200 1618 1346 1685 refractio
1360 1618 1448 1684 sidus

159 1729 290 1808 attollat,
320 1742 352 1795 et
380 1728 550 1795 altitudinis
578 1728 745 1812 parallaxis
769 1728 849 1792 illud
878 1727 1043 1813 deprimat,
1072 1729 1106 1791 in
1132 1728 1245 1793 eodem
1272 1727 1448 1793 meridiano

160 1860 217 1903 seu
239 1836 356 1903 circulo
380 1836 595 1901 declinationis
621 1840 691 1921 (per
714 1835 802 1922 hyp.)
828 1836 969 1899 mensio
993 1849 1080 1901 recta
1103 1836 1178 1906 inde
1203 1860 1269 1902 non
1294 1850 1444 1903 muman.

162 1944 313 2011 Similiter
336 1946 363 2009 si
389 1944 523 2011 circulus
543 1942 696 2009 verticalis
718 1944 752 2007 in
772 1966 837 2030 quo
857 1944 944 2008 sidus
965 1946 1119 2030 reperitur
1134 1946 1185 2021 ,sit
1208 1946 1250 2011 ad
1271 1946 1447 2031 eclipticam

159 2054 438 2139 perpendicularis,
454 2055 542 2119 nuilla
555 2054 615 2118 erit
628 2052 833 2140 longitudinis
841 2052 993 2118 *refractio
1005 2054 1153 2141 nullaque
1166 2054 1352 2141 pamllaxis;
1372 2078 1447 2121 nam

159 2161 194 2225 in
207 2159 269 2225 hoc
283 2183 357 2225 casu
372 2161 506 2225 circulus
522 2160 674 2225 verticalis
688 2172 737 2225 est
751 2160 844 2224 simul
859 2159 993 2225 circulus
1006 2159 1190 2238 latitudinis,
1214 2172 1246 2226 et
1260 2160 1399 2227 siderum
1413 2162 1448 2227 in

159 2250 274 2333 aonem'
285 2250 589 2333 nsantnts'ctrculo
604 2266 803 2333 existentium
818 2266 983 2353 iongitudo
997 2279 1044 2332 est
1057 2269 1177 2334 asem.

206 2383 257 2440 st.
280 2374 366 2441 Dat
387 2374 560 2440 differentiis
581 2372 786 2463 longitudinis
806 2374 947 2439 locorum
968 2374 1103 2440 duomm
1117 2376 1150 2441 in
1165 2377 1329 2461 superficie
1342 2390 1446 2457 teme,

160 2504 219 2549 seu
243 2484 318 2549 dato
343 2506 418 2549 arcu
442 2485 611 2571 aequatoris
636 2484 718 2548 inter
739 2483 883 2547 locomm
903 2483 1028 2549 illorum
1049 2481 1237 2551 meridianos
1260 2487 1445 2573 intercepto,

161 2591 256 2657 datur
276 2604 400 2678 tempus
422 2612 485 2679 quo
509 2591 564 2657 Sol
584 2591 634 2655 vel
655 2590 743 2657 stella
756 2590 822 2655 fixe
836 2590 877 2655 ab
891 2612 956 2655 uno
970 2592 1143 2657 meridiano
1157 2594 1199 2658 ad
1211 2594 1344 2659 alterum
1358 2608 1447 2661 motu

160 2698 277 2763 diurno
297 2698 409 2764 tramit
430 2698 519 2784 (16);
541 2712 573 2765 et
593 2694 668 2763 indd
689 2680 813 2763 definiri
834 2710 938 2783 potest
958 2712 1065 2765 utrum
1084 2701 1318 2769 observationes
1335 2702 1370 2767 in
1384 2703 1448 2770 illis

163 2804 288 2869 duobus
309 2804 386 2869 locis
407 2804 534 2885 habita,
557 2802 767 2890 respondeant
785 2804 888 2869 eidem
906 2806 1056 2890 temperis
1078 2806 1214 2871 absoluti
1233 2821 1392 2874 momento
1405 2832 1448 2876 an

160 2935 236 2978 non.
293 2914 397 2979 Facile
423 2915 507 2980 idem
531 2915 699 2980 innotescit
724 2936 782 3000 per
808 2915 911 2979 Lunoe
935 2927 969 2979 et
991 2915 1079 2981 Jovis
1103 2917 1270 2983 satellitum
1295 2920 1447 3006 eclipsesg

163 3021 275 3087 eodem
295 3023 378 3086 enim
398 3035 557 3087 momento
580 3021 728 3107 temporis
750 3022 872 3107 eclipsis
885 3021 946 3084 ini·

162 3131 241 3196 tium
255 3152 292 3195 ac
308 3130 389 3209 finis,
409 3144 440 3195 et
450 3132 642 3195 macularum
654 3131 687 3193 in
699 3129 791 3195 Luni
803 3142 948 3195 notarum

163 3238 321 3305 immersio
338 3240 371 3301 in
385 3240 528 3303 umbram
549 3240 598 3303 vel
621 3238 753 3303 emersio
775 3260 815 3303 ex
837 3236 948 3303 umbri

164 3368 204 3410 ex
227 3346 372 3411 omnibns
398 3360 490 3411 terrae
511 3347 587 3411 locis
610 3344 694 3411 unde
716 3346 854 3431 conspici
875 3368 948 3431 pos·

164 3468 236 3519 sum
258 3454 411 3535 videntur,
435 3455 527 3543 atque
542 3478 584 3519 ex
597 3454 646 3519 bis
662 3454 877 3539 phoenomenis
888 3452 947 3517 dis-

164 3560 296 3627 ferentia
316 3562 520 3651 longitudinis
545 3562 688 3627 locorum
713 3562 947 3627 determinatur.

167 3670 230 3735 His
240 3672 349 3756 positis
359 3673 384 3735 si
393 3694 435 3737 ex
444 3672 521 3735 lonis
532 3672 655 3736 duobus
667 3671 698 3735 A
713 3683 745 3734 et
760 3670 798 3748 B,
811 3693 946 3756 qnorum

168 3776 315 3843 dutantin
339 3780 371 3845 A
394 3780 428 3845 Ι)
456 3780 484 3844 Β
509 3780 582 3845 data
602 3792 658 3858 est,
679 3779 880 3866 phoenomem
898 3778 948 3843 vel

167 3886 275 3951 sideris
299 3888 327 3953 P
349 3888 381 3950 in
402 3888 498 3973 plano
514 3887 650 3952 verticuli
665 3887 696 3951 A
712 3887 741 3951 P
756 3886 785 3950 B
800 3887 842 3966 T,
865 3888 948 3951 exis·

166 3996 257 4059 tentis
279 3995 458 4061 altitudines
479 4008 663 4081 apparentes
677 4008 709 4060 et
722 4019 743 4060 a
755 3994 948 4059 retractioni-

168 4104 225 4167 bus
239 4103 349 4167 liberte
364 4103 535 4167 observatae
549 4102 665 4167 fuerint
674 4102 784 4167 eodem
796 4115 946 4188 tempore,

165 4210 296 4275 inveniri
320 4211 437 4296 poterit
458 4212 566 4295 puncti
590 4211 619 4276 P
639 4210 806 4295 parallaxis
828 4223 860 4275 et
884 4212 948 4276 dis-

167 4320 261 4383 tantia
275 4342 295 4383 a
309 4330 418 4383 centro
431 4332 524 4383 terrae
540 4320 568 4385 P
583 4318 625 4383 Τ.
671 4318 754 4383 Nam
768 4341 827 4405 per
841 4318 947 4383 obser-

167 4427 320 4491 vationem
345 4427 515 4492 altitudinis
544 4426 721 4512 apparentis
746 4428 779 4491 in
803 4428 874 4493 loon
899 4429 941 4507 A,

170 4533 258 4601 datur
280 4538 414 4625 angulus
439 4539 467 4605 C
485 4539 516 4604 A
533 4538 571 4617 P,
594 4538 741 4605 distantia
759 4560 913 4625 apparens
927 4539 1037 4604 sideris
1055 4562 1076 4603 a
1095 4538 1209 4605 sertim
1223 4548 1255 4603 et
1268 4536 1342 4603 inde
1356 4536 1447 4604 datm
