3284 5517
164 280 228 339 202
473 272 819 343 PHILOSOPHIAE
841 272 1117 341 NATURALIS
1146 270 1355 355 [DsMunn.
1369 274 1463 339 Srsr.

162 469 263 533 usque
276 448 387 513 orbern
399 450 538 528 Saturni,
562 446 600 535 (³)
616 462 651 516 ut
666 472 708 515 ex
724 450 828 538 quiete
844 448 1040 534 apheliorum
1053 448 1251 534 planetarum
1265 446 1464 533 manifestum

161 569 219 636 est,
235 570 267 622 et
280 556 323 622 ed
336 579 438 643 usque
451 556 562 621 ultimo
572 570 767 630 cometarum
780 556 914 641 aphalis,
930 555 957 619 si
970 554 1067 621 modb
1082 554 1206 641 sphelia
1219 554 1275 619 illa
1290 555 1461 641 quiescant.

164 664 334 731 Rationem
355 662 432 731 γετὸ
453 662 567 729 harum
587 665 750 752 gravitatis
771 664 1001 748 proprietamm
1015 686 1056 727 ex
1077 661 1296 748 pbaenomenis
1318 664 1462 729 nondum

158 776 251 862 potui
264 773 431 855 deducere,
448 787 481 840 et
493 774 684 861 hypotheses
698 796 765 839 non
778 775 877 861 fingo.
904 748 1073 861 ¹Quicquid
1088 772 1174 839 enim
1189 794 1234 845 ex
1243 773 1460 858 phmomenis

159 908 227 951 non
248 884 425 964 deducitur,
447 886 618 971 hypothesis
638 884 781 951 vocando
801 900 869 961 ests
892 898 924 951 et
936 884 1134 973 hypotheses
1149 906 1205 951 seu
1223 885 1457 973 metaphysicae,

160 1016 217 1060 seu
238 992 390 1080 physicae,
413 1016 470 1059 seu
490 994 677 1080 qualitatum
698 994 902 1072 occultartum
918 1016 974 1061 seu
988 994 1189 1071 mechaniam,
1205 995 1240 1057 in
1254 994 1454 1077 philosophici

160 1104 393 1187 coperimentdi
412 1100 519 1167 locum
538 1124 605 1166 non
624 1100 752 1167 habent.
796 1100 836 1167 In
855 1102 918 1167 hsc
937 1098 1137 1187 philosophiis
1154 1099 1388 1185 Propositiones
1403 1101 1460 1167 de·

159 1202 324 1280 ducuntur
333 1233 376 1277 ex
395 1210 625 1297 pbaenomenis‚
645 1224 679 1277 et
696 1210 873 1277 redduntur
886 1210 1050 1299 geuersJes
1063 1232 1122 1296 per
1136 1208 1360 1275 inductionem.
1405 1212 1460 1277 Sic

158 1322 447 1410 impenetrabilitas,
461 1322 632 1401 mobilitas,
646 1334 679 1387 et
692 1322 828 1408 impetus
842 1342 1012 1407 corporum
1026 1333 1059 1387 et
1077 1320 1165 1410 leges
1179 1333 1323 1389 motuum
1336 1333 1368 1385 et
1385 1344 1459 1411 gru-

157 1432 262 1499 vitutis
282 1432 498 1505 innotuerunt.
545 1431 589 1497 Et
610 1432 685 1497 satis
706 1432 862 1521 estquod
883 1430 1019 1520 gravitas
1047 1431 1158 1499 reversi
1181 1432 1304 1512 existat,
1329 1444 1362 1497 et
1385 1434 1459 1521 agat

158 1539 333 1607 secundum
358 1538 445 1629 leges
463 1562 484 1605 s
504 1540 596 1605 uobis
622 1541 791 1628 expositas,
812 1553 845 1607 et
866 1540 908 1605 ed
928 1560 1097 1627 corporum
1118 1541 1291 1608 coelestium
1312 1553 1344 1608 et
1363 1545 1457 1609 maris
1546 1596 1550 1599 .

157 1649 500 1716 nostrimotusumnes
515 1649 660 1717 sufficiat.
826 1636 831 1645 ’
1249 1674 1255 1705 s

201 1755 351 1843 Adjicere
367 1757 436 1842 jum
457 1757 568 1825 liceret
587 1757 741 1823 nonnulis
762 1757 803 1851 de
825 1757 937 1843 spiritu
952 1756 1090 1845 quodam
1104 1756 1308 1825 subtilissimo
1324 1780 1459 1844 corpore

158 1890 264 1935 crassa
276 1868 479 1953 pervadente,
501 1881 534 1936 et
553 1869 589 1934 in
610 1868 725 1933 iisdem
739 1868 878 1945 latente3
903 1870 992 1953 cujus
1007 1868 1038 1932 vi
1060 1880 1092 1933 et
1106 1868 1281 1934 actionibus
1295 1869 1461 1953 particulae

157 1998 328 2065 corporum
341 1978 384 2043 ad
392 1979 538 2045 minimas
551 1978 716 2045 distendas
729 2000 764 2043 se
778 1972 891 2043 mutud
904 1976 1076 2055 attrabunt,
1088 1990 1121 2043 et
1131 1976 1289 2065 mntiguae
1298 1976 1389 2043 factae
1404 1998 1461 2043 co-

156 2084 298 2152 boerent:
320 2098 356 2152 et
375 2108 510 2172 corpore
530 2086 677 2153 electrica
689 2098 790 2174 agunt
802 2084 845 2149 ad
859 2085 1021 2151 distantias
1035 2087 1180 2171 majores,
1196 2098 1262 2150 tam
1276 2086 1462 2171 repellendo

157 2194 254 2282 quaim
268 2196 459 2264 ettrahendo
472 2198 659 2285 corpuscula
673 2198 795 2273 vicins3
817 2209 850 2262 et
863 2196 920 2259 lux
934 2196 1095 2275 eruittitur,
1111 2197 1290 2275 resectus,
1313 2197 1462 2288 refringi·

157 2318 219 2384 tur,
235 2306 414 2389 inflectitur,
431 2297 464 2375 et
478 2325 614 2395 corpora
627 2308 768 2373 calefacit
776 2330 786 2385 ς
808 2320 842 2371 et
855 2308 993 2373 senentio
1007 2307 1109 2371 omn'n
1123 2308 1289 2386 excitam,
1312 2320 1345 2373 et
1359 2330 1462 2373 mem·

155 2416 217 2481 bra
223 2417 409 2483 animalium
419 2418 460 2483 ed
469 2419 661 2483 voluntatem
671 2428 849 2494 moventur,
861 2414 1087 2482 vibrationibus
1098 2416 1216 2481 scilicet
1225 2415 1318 2502 hujus
1329 2418 1460 2505 spiritus

155 2546 215 2609 per
238 2522 340 2624 solide
360 2549 530 2593 nervorum
552 2526 771 2613 capillamenta
785 2526 828 2591 ab
842 2524 982 2591 extemis
1002 2546 1150 2592 sensuum
1172 2530 1299 2615 organis
1313 2530 1357 2594 sd
1372 2554 1456 2597 cere·

155 2636 255 2702 brum
276 2652 310 2704 et
331 2664 351 2705 u
372 2642 503 2706 cerebro
524 2642 558 2705 in
578 2639 737 2705 musculos
757 2641 952 2729 propagatis.
998 2638 1031 2725 (¹)
1055 2634 1120 2705 Sed
1133 2638 1204 2705 baec
1216 2640 1326 2727 paucis
1341 2645 1456 2729 exponi

155 2768 221 2811 non
234 2760 386 2833 possunt3
407 2772 512 2836 neque
533 2748 623 2814 adest
645 2748 801 2813 sufficiens
815 2750 907 2835 copia
920 2748 1217 2835 experimentorum,
1241 2750 1354 2837 quibus
1369 2752 1456 2841 leges

154 2857 314 2923 mtionum
328 2858 422 2946 hujus
437 2859 568 2945 spiritns
582 2857 727 2927 nocente
742 2859 945 2927 determinari
960 2873 992 2925 et
1005 2863 1174 2926 monstrari
1188 2861 1313 2926 debent.

180 3133 226 3213 ‚(¹)
247 3138 267 3213 ⁹·
286 3139 319 3186 Ut
337 3154 364 3186 et
377 3141 452 3203 quen
469 3142 619 3202 motmunt.
655 3140 728 3204 nvp.
749 3140 788 3193 11.
822 3144 870 3193 soe
879 3144 1121 3207 ausari-smmum
1139 3142 1454 3220 plommensis

155 3200 304 3333 lawa
313 3270 715 3337 mmmmm·
749 3272 790 3325 o·
821 3210 1341 3273 mmanuemmmnrmmuopsca
