3284 5517
447 373 639 440 FLUXUS
659 374 721 438 Ac
744 373 998 440 REFLUXUS
1021 373 1180 440 MARIS.
1393 379 1455 436 sto

215 549 240 626 t
262 550 315 608 92
346 539 423 617 Quo
442 554 548 606 autern
568 555 633 606 tem
654 542 696 606 de
716 542 766 606 bis
787 542 1004 627 phoenomenis
1025 539 1119 627 quidm
1141 539 1268 625 reliquis
1289 536 1405 602 certius
1424 550 1457 602 et

168 645 301 712 solidius
317 647 461 731 judiesre
481 669 642 733 queamus,
665 649 769 733 ipsum
789 662 910 714 motum
930 647 1172 736 progressivum,
1200 667 1292 731 quem
1307 667 1395 730 aqua
1415 646 1456 710 ab

171 765 251 818 aestu
265 754 386 838 recipit,
401 754 663 839 investigabimus.
709 753 792 820 Cium
805 755 890 818 enim
904 777 986 840 aqua
1000 753 1111 817 eodem
1124 753 1195 816 loco
1209 771 1293 816 nuno
1308 750 1456 828 elevetur,

170 883 256 927 nunc
278 862 428 939 subsidat,
450 883 578 927 necesse
592 875 640 926 est
652 874 689 925 ut
708 863 808 948 priori
830 885 903 927 essu
918 884 999 947 equa
1012 860 1139 926 aliunde
1154 859 1268 937 affluat,
1291 860 1456 944 posteriori

170 970 247 1035 verb
276 971 317 1035 ab
346 971 459 1035 eodem
485 971 558 1034 looo
586 969 712 1048 defluat,
742 970 827 1035 uude
855 957 982 1034 nomina
1003 969 1108 1034 fluxus
1129 991 1167 1034 ac
1194 967 1332 1034 refluxio
1360 967 1456 1054 ongi-

171 1103 245 1144 nem
259 1093 433 1144 traxerunt
462 1078 748 1167 Repraesentetigi·

172 1202 224 1252 tur
258 1201 399 1273 tempore
426 1209 615 1272 quocunque
644 1186 747 1274 figura

62 1375 65 1379 ,
173 1293 747 1380 assummum

174 1399 307 1461 Terram
322 1396 496 1474 ambientis,
511 1397 555 1461 ita
568 1410 605 1461 ut
621 1397 655 1460 in
668 1397 745 1460 loeis

173 1506 206 1566 A
225 1515 259 1566 et
275 1503 305 1568 B
318 1525 401 1589 aquo
414 1502 548 1566 maxime
563 1503 603 1566 sit
616 1501 744 1579 elevata,

172 1611 303 1678 inlotis
323 1610 399 1678 verti
419 1611 592 1677 mediisab
614 1610 746 1676 AetB

173 1720 452 1806 aequidistantibus,
467 1719 603 1783 maxime
618 1718 746 1802 depres-

174 1847 220 1890 sa.
266 1827 343 1890 Post
355 1824 482 1912 aliquod
499 1838 624 1910 tempus
645 1837 746 1888 traus-
844 1869 846 1887 ,

172 1932 290 1997 feratur
303 1946 398 1998 aestus
411 1954 550 1996 summus
565 1954 606 1996 ex
628 1933 659 1996 A
670 1932 746 1996 etB

173 2040 338 2118 iuoetb,
359 2041 493 2126 sitquea
514 2039 745 2126 DbEfigura

174 2172 266 2236 squae
281 2151 414 2214 Terram
427 2150 663 2215 circumdantisr
684 2147 746 2214 hoc

175 2261 271 2349 igitur
288 2273 428 2344 tempore
448 2281 573 2324 necesse
595 2271 650 2335 est,
673 2272 709 2322 ut
727 2283 746 2323 a

173 2377 263 2449 parte
276 2365 385 2428 ooesni
400 2365 433 2428 D
445 2364 647 2428 Fdefluxerit
656 2385 747 2450 equos
809 2381 818 2395 '

30 2499 39 2516 ·
174 2475 266 2559 copia
288 2473 548 2550 FAMDmt
570 2475 604 2536 in
625 2485 747 2557 partem

173 2579 250 2643 verb
274 2579 311 2647 F,
325 2579 354 2642 Ε
379 2578 562 2643 tantundem
587 2601 677 2664 aquae
701 2577 746 2642 af·

172 2687 309 2762 fluxerit,
321 2687 425 2770 portio
436 2687 552 2751 scilicet
564 2687 651 2750 FoN
658 2687 745 2750 Ene:

173 2793 268 2863 simili
282 2793 378 2863 modo
397 2795 502 2878 portio
519 2793 549 2858 E
564 2794 597 2861 G
612 2793 748 2861 decrerit
776 2814 780 2820 ·

173 2901 265 2984 oopie
278 2921 368 2986 aque
384 2900 606 2987 EPBGgp,
621 2902 788 2987 portisque
803 2902 1224 2990 GDaugmentnmaooepit
1240 2903 1460 2988 GbQun.

176 3011 212 3076 Si
224 3031 318 3084 nuuc
337 3031 492 3094 ponamus
512 2997 689 3092 [tortionem
711 3012 738 3076 F
754 3011 794 3076 M
807 3034 841 3074 m
857 3013 990 3076 transire
1007 3013 1040 3076 in
1057 3013 1161 3078 locum
1185 3013 1260 3078 FN
1275 3036 1307 3091 n,
1330 3035 1367 3076 ac
1386 3034 1460 3096 por-

173 3118 292 3183 tionem
315 3117 345 3182 E
360 3116 423 3200 Pp
443 3117 477 3180 in
499 3117 529 3182 E
544 3117 576 3180 N
590 3139 613 3180 n
634 3116 758 3195 deferri,
782 3118 857 3182 satis
877 3117 961 3182 clare
983 3131 1103 3184 motum
1118 3141 1208 3205 squae
1229 3119 1460 3206 progressivum
1540 3115 1544 3127 '

173 3223 348 3310 intelligam
368 3222 483 3291 licebit.
529 3221 611 3286 Cium
625 3223 709 3287 enim
725 3237 830 3288 motus
844 3246 935 3308 aquae
950 3245 1081 3288 sumtuum
1096 3227 1129 3288 A
1143 3223 1199 3288 fiat
1213 3225 1252 3288 ab
1269 3237 1340 3288 ortu
1359 3223 1392 3286 in
1407 3244 1460 3286 oo-

174 3353 291 3408 casum,
314 3353 395 3415 equa
416 3351 487 3416 quoe
507 3330 591 3394 circa
606 3332 637 3394 A
651 3328 761 3396 versus
775 3332 929 3396 orientem
943 3332 1060 3396 scilicet
1079 3333 1119 3396 ab
1142 3333 1182 3398 M
1197 3333 1238 3396 ad
1255 3335 1285 3396 N
1301 3354 1400 3420 usque
1413 3343 1461 3398 est

174 3437 242 3514 sita,
262 3438 298 3500 in
314 3457 459 3508 oceasum
479 3437 675 3502 movebiturz
699 3437 901 3524 similiterque
917 3459 954 3502 ea
968 3458 1039 3524 quae
1054 3437 1128 3502 huic
1142 3438 1327 3504 ediometro
1341 3450 1389 3502 est
1402 3460 1460 3524 op-

173 3547 275 3630 positu
289 3560 321 3610 et
335 3548 470 3632 spatium
484 3547 557 3624 PQ
570 3561 710 3632 occupat
749 3547 868 3614 Contri
878 3547 954 3614 verti
969 3550 1088 3638 reliqua
1102 3574 1183 3638 equa
1196 3552 1229 3614 in
1245 3551 1284 3620 M
1295 3551 1328 3626 Q
1342 3563 1375 3616 et
1389 3551 1460 3618 NP

173 3668 321 3721 eontents
350 3657 383 3720 in
412 3670 516 3730 ortum
536 3648 790 3742 promovebitur.
849 3659 969 3726 Verum
998 3663 1137 3728 celeritas
1166 3665 1282 3750 ubique
1306 3687 1372 3728 non
1400 3665 1460 3730 erit

173 3763 302 3840 eadem
324 3765 495 3850 inponetis
510 3766 594 3832 enim
612 3767 662 3844 M,
679 3767 721 3846 N,
738 3769 814 3833 Pet
829 3770 863 3847 Q
876 3772 992 3857 quippe
1006 3773 1156 3840 linridbus
1178 3777 1258 3838 inter
1272 3788 1375 3840 motus
1390 3796 1459 3838 ver-

177 3870 230 3934 sirs
246 3883 350 3934 ortum
371 3885 402 3936 et
423 3873 554 3949 obitum,
570 3873 711 3938 celeritas
722 3875 782 3939 erit
791 3876 886 3954 nulla,
899 3877 1014 3943 deinde
1028 3881 1068 3958 ab
1081 3880 1121 3949 M
1135 3903 1232 3967 usque
1248 3881 1289 3944 od
1305 3881 1332 3946 F
1343 3895 1460 3966 crescet

146 4055 149 4063 1
173 3979 289 4064 ubique
302 3981 347 4045 ita
360 3994 397 4046 ut
409 3983 600 4051 incrementa
614 3984 780 4053 eeleritau's
795 3987 829 4063 iu
842 3990 966 4072 punctis
980 3989 1091 4054 mediis
1106 4003 1142 4056 ut
1158 3993 1188 4055 A
1199 3991 1262 4055 sint
1276 3990 1458 4056 differentiis

175 4088 204 4150 A
220 4085 239 4149 f
245 4089 511 4172 proportionalis:
534 4093 574 4156 ab
598 4093 625 4158 F
645 4093 722 4158 verb
736 4117 834 4181 usque
848 4096 889 4160 sd
904 4097 937 4162 N
951 4097 1091 4162 celeritss
1107 4098 1287 4164 decrescere
1302 4099 1405 4178 debet,
1428 4112 1460 4168 et

172 4196 406 4265 decrementum
425 4200 590 4268 eeleritatis
603 4204 638 4268 in
652 4227 670 4270 e
684 4206 745 4269 erit
757 4218 793 4270 ut
807 4230 827 4273 a
842 4229 859 4274 e
867 4229 877 4283 ς
900 4207 1055 4294 similique
1076 4210 1172 4274 modo
1187 4222 1385 4294 comparatus
1400 4210 1459 4276 erit
1480 4239 1483 4245 ¹

172 4319 276 4372 motus
290 4307 325 4370 in
338 4308 464 4394 reliquis
478 4312 674 4395 portionibus
687 4313 799 4400 figurae
810 4317 994 4400 propositae.

216 4418 244 4494 ᾗ..
256 4423 308 4478 98.
333 4414 368 4480 Si
382 4414 451 4478 haec
465 4415 643 4504 diligentius
657 4441 882 4505 prosequamur
896 4444 933 4484 ac
947 4433 1099 4506 punctum
1117 4446 1136 4486 a
1156 4424 1217 4508 ipsi
1232 4427 1263 4490 A
1278 4424 1459 4510 proximum

172 4541 336 4602 ponamus,
359 4524 550 4608 reperiemus
571 4526 606 4590 in
628 4526 701 4592 loeo
714 4550 903 4616 quoeunque
919 4531 959 4596 M
973 4530 1041 4594 fore
1062 4534 1259 4600 intervallaun
1276 4535 1316 4600 M
1330 4557 1362 4600 m
1378 4534 1458 4598 sinui

174 4627 263 4712 dupli
276 4632 384 4718 anguli
400 4632 480 4698 MC
493 4636 524 4699 A
537 4636 782 4720 proportionale.
825 4637 934 4714 Quare
948 4640 974 4708 si
990 4641 1098 4728 augurii
1112 4644 1144 4711 A
1161 4644 1188 4708 C
1205 4644 1244 4711 M
1259 4647 1345 4712 surus
1359 4667 1457 4729 ponu-
