3284 5517
39 360 47 367 “
167 367 230 427 260
413 355 679 437 lNQUISITIO
703 354 908 423 PHYSICA
930 352 982 421 ΙΝ
1004 350 1200 421 CAUSAM

165 534 254 618 cujus
268 532 435 617 explicatio
447 554 524 597 mox
539 532 611 599 satis
626 530 762 597 dilucide
776 545 825 603 est
837 530 994 597 subversa.
1040 530 1190 613 Superest
1203 528 1339 613 denique
1356 526 1451 591 Nen-
1542 522 1550 531 ’

165 643 233 705 toni
258 640 387 719 theoria,
410 664 482 727 quoe
507 642 632 707 nemine
656 642 888 707 mnu-edicente
915 639 1132 723 phrenomenis
1155 636 1256 701 multd
1278 636 1378 723 magis
1403 648 1452 699 est

166 764 392 817 comentauea:
419 766 452 815 at
468 754 501 817 iu
522 775 560 816 ea
581 751 615 815 id
636 753 738 835 ipsum
758 749 844 835 quod
866 749 927 813 hoc
949 746 1200 833 locoquaerimr,
1221 766 1314 809 causa
1334 744 1452 808 scilieet

164 861 302 947 physica,
326 884 391 926 nou
411 863 595 949 assignatur,
619 860 675 925 sed
695 859 800 945 potiris
824 860 865 922 ad
886 858 1049 945 qualitates
1073 855 1211 919 occultas
1236 853 1345 917 referri
1366 853 1452 917 vide·

165 982 236 1046 tur3
258 970 383 1033 interim
403 981 508 1033 tamen
529 988 570 1045 ne
591 966 660 1029 haec
681 966 808 1052 quidem
822 965 951 1029 theoria
971 964 1045 1036 satis
1064 974 1113 1026 est
1125 961 1260 1037 evoluta,
1280 974 1318 1023 ut
1330 958 1372 1024 de
1384 962 1452 1045 ejus

166 1075 231 1139 sive
255 1096 408 1141 corrsenru
431 1074 496 1139 sive
521 1072 662 1139 dissensu
688 1094 762 1137 curn
783 1069 1050 1136 observationibus
1070 1066 1226 1153 judicium
1250 1066 1326 1131 satis
1349 1079 1452 1131 tumr

49 1224 51 1228 -
166 1180 240 1244 ferri
257 1196 359 1267 queat.

152 1298 173 1333 '·
208 1296 232 1372 §.
251 1299 282 1355 6.
310 1287 394 1353 Cdru
417 1287 512 1375 igitur
536 1289 668 1354 dubium
692 1288 733 1366 sit
757 1289 888 1365 nullum,
910 1288 988 1373 quin
1008 1284 1116 1350 dualia
1134 1308 1174 1350 ac
1193 1284 1333 1351 refluxds
1356 1283 1452 1348 maris

141 1420 260 1465 'causa
280 1398 314 1461 in
336 1395 453 1461 viribus
474 1396 610 1461 externis
631 1408 663 1460 et
682 1396 818 1459 realibus
840 1395 881 1459 sit
899 1395 1012 1478 posita,
1034 1414 1106 1479 quoe
1127 1394 1154 1457 si
1172 1404 1338 1471 oemarent,
1360 1389 1452 1454 simul

166 1516 259 1571 estus
274 1503 369 1567 maris
383 1522 459 1565 mox
472 1514 679 1578 evanesceret,
701 1502 757 1565 ubi
777 1502 894 1565 lateant
913 1499 965 1563 lue
976 1500 1058 1565 vires
1073 1511 1106 1563 et
1119 1500 1277 1585 quomodo
1292 1500 1355 1563 sint
1366 1513 1453 1561 conas

168 1622 286 1696 paratae
306 1608 502 1694 potissimum
524 1610 615 1673 nobis
629 1610 688 1675 erit
702 1610 933 1694 explicandum,
955 1607 1017 1673 hoc
1030 1608 1115 1673 enim
1128 1620 1176 1673 est
1189 1608 1222 1671 id
1237 1610 1351 1693 ipsum,
1366 1604 1453 1693 quod

167 1720 368 1785 celeberrima
380 1719 553 1784 Academia
569 1719 775 1785 Scientiarum
792 1718 896 1805 Regia
910 1719 942 1781 in
952 1718 1126 1803 quostiam
1138 1714 1299 1799 propositi
1312 1715 1451 1800 requirit.

167 1825 281 1911 Neque
304 1822 380 1889 vero
404 1824 486 1889 vires
511 1823 728 1889 tantummodi>
753 1824 907 1889 iudicasse
935 1822 1076 1899 sufficiet,
1102 1819 1214 1886 verium
1242 1820 1398 1905 pretend
1418 1820 1457 1885 id

165 1933 301 2001 maxisne
327 1935 386 2001 erit
409 1935 657 2012 monstrandum,
679 1935 837 2021 quomodo
858 1935 925 1999 iste
947 1935 1028 1998 vires
1048 1944 1153 2020 agat,
1174 1943 1268 2017 atque
1289 1931 1346 1996 hos
1367 1934 1452 2017 ipsos
1472 1945 1475 1953 “

167 2041 303 2117 effectus,
327 2062 406 2127 quos
420 2041 632 2117 observamus,
648 2062 713 2105 non
727 2040 801 2105 vero
816 2040 895 2105 aios
907 2040 1103 2125 produoaut3
1125 2040 1159 2103 in
1179 2038 1242 2103 hoc
1260 2038 1343 2103 enim
1358 2040 1453 2103 totius

166 2147 345 2233 questionis
368 2145 473 2223 cardo,
496 2146 715 2230 explicationis
734 2146 854 2211 scilicet
877 2147 1083 2224 confirmatio,
1109 2147 1250 2211 vertitur.
1294 2145 1463 2222 Quoniam'

167 2266 271 2319 autern
287 2251 471 2337 plerumque
490 2252 632 2337 pluribus
646 2252 764 2319 viribus
779 2253 993 2341 excogitandis
1011 2253 1094 2317 idem
1109 2252 1339 2337 phaenomeaon
1353 2252 1453 2337 expll-

126 2368 127 2372 ’
166 2366 232 2433 cuni
244 2378 357 2450 potest,
372 2363 509 2429 studium
524 2363 737 2429 adhibendum
750 2377 799 2431 est
811 2386 968 2431 summmn
987 2364 1020 2429 in
1040 2363 1101 2429 hac
1122 2362 1330 2450 indagatione,
1352 2363 1447 2426 need

164 2476 248 2541 vires
268 2477 375 2541 inanes
397 2488 490 2561 atque
514 2476 712 2562 imaginarias
734 2476 926 2554 delabamur,
953 2498 1024 2563 qnoe
1047 2477 1082 2540 in
1106 2474 1226 2540 mundo
1247 2496 1349 2560 neque
1378 2488 1454 2539 sunt

166 2602 268 2669 neque
282 2582 392 2649 loctun
413 2582 529 2647 habere
549 2594 690 2667 possunt.
736 2584 855 2665 Parum
868 2584 953 2648 enim
967 2582 1105 2647 suestre
1116 2581 1250 2647 naturali
1270 2581 1446 2657 consulunt,

166 2690 219 2777 qui
235 2690 344 2776 quovis
358 2689 566 2773 phaenomeno
580 2689 686 2755 oblato
702 2690 760 2755 sibi
775 2712 835 2777 pro
848 2692 979 2757 arbitrio
987 2690 1097 2756 mundi
1112 2702 1302 2755 structuram
1316 2689 1452 2774 peculia-

166 2820 232 2863 rem
252 2798 413 2885 effingunt,
435 2820 537 2884 neque
551 2811 625 2862 sunt
638 2798 770 2875 solliciti,
793 2798 899 2864 utrdm
912 2822 951 2864 ea
963 2822 1130 2887 compages
1144 2820 1216 2864 cum
1230 2799 1298 2863 eliis
1316 2799 1447 2883 phaeno-

165 2906 267 2972 menis
287 2905 454 2977 consistere
475 2918 577 2990 queat,
601 2926 642 2968 au
665 2904 738 2969 verd
753 2903 853 2970 sectis.
900 2905 997 2982 Qudd
1011 2906 1135 2970 sienim
1151 2908 1218 2990 jam
1233 2904 1359 2969 aliunde
1373 2926 1452 2969 con·

165 3030 226 3079 stet
240 3012 373 3079 existere
388 3012 420 3075 in
434 3011 553 3077 mundo
567 3011 718 3098 ejusmodi
734 3012 825 3090 vires,
836 3034 908 3099 quoe
922 3012 1029 3077 oblato
1037 3012 1161 3077 effectui
1174 3010 1379 3097 producendo
1388 3012 1452 3077 siut

166 3140 266 3203 parea,
283 3114 396 3184 trusere
410 3140 503 3183 omne
518 3118 656 3185 studium
671 3119 703 3183 in
715 3119 941 3204 conquisitione
952 3119 1063 3183 virium
1074 3138 1226 3183 novarum
1236 3116 1450 3183 collocabitur.

206 3230 230 3307 §0
248 3234 278 3295 7.
302 3224 462 3302 Quoniam
476 3240 581 3291 autern
595 3225 637 3291 ud
650 3248 776 3291 causam
792 3226 941 3312 cujusque
954 3224 1385 3312 phrenomeui’delegendam,
1408 3226 1447 3289 ad

169 3330 306 3419 singulas
327 3331 573 3402 circumstantias
595 3332 705 3397 seduld
726 3330 886 3397 attendere
906 3354 1032 3397 neeesse
1052 3344 1109 3408 est,
1132 3344 1204 3397 ante
1218 3332 1326 3397 omnia
1338 3332 1451 3397 mirifi-

135 3463 137 3475 1
165 3460 234 3503 cum
262 3459 446 3503 consensum
471 3437 565 3503 aestits
591 3440 686 3503 maris
711 3460 783 3504 cum
805 3452 893 3504 motu
919 3438 1021 3505 Lunae
1045 3439 1250 3523 contemplari
1275 3440 1451 3503 conveniet.
1566 3495 1571 3501 .

168 3540 244 3609 Non
264 3544 366 3611 suirim
387 3548 471 3611 enim
492 3547 623 3634 insignis
644 3548 808 3613 harmonia
822 3550 903 3613 inter
917 3562 1029 3614 aestum
1042 3550 1147 3626 maris,
1163 3572 1201 3614 ac
1215 3549 1318 3615 Lunte
1330 3558 1451 3615 motum
1535 3595 1540 3611 l

165 3651 311 3719 diurnum
332 3654 586 3740 deprehenditur,
609 3656 665 3719 sed
686 3656 779 3721 etiam
800 3656 953 3721 revolutio
974 3656 1124 3741 synodica
1137 3668 1280 3739 respectu
1295 3655 1377 3721 Solis
1397 3656 1447 3719 in·

165 3776 291 3849 gentem
313 3764 406 3833 affert
424 3766 613 3830 varietatem.
660 3766 781 3831 Omnes
802 3768 938 3853 denique
958 3768 1189 3835 observationes
1208 3766 1333 3833 abunde
1347 3768 1451 3834 decla·

164 3882 236 3931 runt
249 3870 401 3935 rationem
415 3871 519 3937 fluxius
540 3884 572 3935 et
593 3872 732 3936 refluxus
746 3874 843 3937 maris
854 3897 875 3937 a
889 3874 952 3939 situ
965 3871 1037 3939 edm
1061 3874 1164 3938 Lunte
1178 3884 1245 3939 tum
1260 3873 1353 3940 etiam
1369 3875 1450 3941 Solis

165 3976 356 4060 conjunctim
376 3977 532 4060 penderes
559 4001 599 4043 ex
621 4002 684 4064 quo
706 3980 809 4044 statim
830 4002 932 4065 prono
952 3982 1115 4049 ratiocinio
1136 3982 1345 4068 consequitur,
1367 3984 1450 4048 vires

164 4082 233 4149 illas
248 4096 360 4149 aestum
374 4084 469 4149 maris
483 4085 700 4169 producentes,
716 4108 911 4173 quaectmque
925 4088 1018 4153 etiam
1033 4090 1105 4167 sint,
1121 4086 1194 4153 crim
1210 4089 1335 4153 Lunam
1352 4090 1450 4173 potis·

164 4187 287 4267 cirrium,
311 4186 380 4255 tiun
402 4186 476 4255 veru
491 4190 584 4255 etiam
608 4192 713 4257 Solem
728 4193 883 4276 respicere
898 4192 1021 4257 debere.
1067 4194 1283 4270 Quamobrem
1297 4194 1449 4277 imprimis

163 4296 255 4361 nobis
271 4297 331 4363 erit
345 4297 576 4383 inquirendum,
593 4311 697 4363 utrum
713 4300 866 4385 ejusmodi
879 4303 960 4367 vires
976 4304 1082 4367 Solem
1096 4316 1129 4367 et
1143 4304 1268 4368 Limam
1282 4304 1448 4389 respicien-

164 4418 220 4481 tes,
248 4424 319 4489 quae
346 4406 380 4469 in
403 4405 490 4491 aquis
515 4405 609 4470 talem
634 4406 788 4485 effectum,
816 4408 916 4493 qualis
944 4422 991 4475 est
1019 4424 1112 4475 astus
1139 4412 1244 4488 maris,
1273 4412 1447 4495 producere

164 4522 291 4595 queunt,
309 4511 382 4594 jure
403 4532 441 4575 ac
461 4511 582 4575 ratione
603 4512 698 4576 statui
718 4512 848 4596 possint,
870 4536 911 4577 an
932 4513 1030 4580 secde.
1078 4518 1130 4580 Ac
1144 4516 1171 4579 si
1191 4516 1333 4600 pluribus
1347 4516 1448 4580 modis
1478 4564 1482 4572 .

165 4618 340 4691 istiusmodi
368 4620 449 4686 vires
475 4620 580 4704 annno
608 4620 773 4707 concipere
801 4621 902 4701 liceat,
933 4624 1099 4711 diligenter
1123 4625 1183 4688 erit
1210 4622 1446 4708 dispiciendum,
