3284 5517
459 359 650 427 FLUXUS
672 359 733 427 Ac
760 356 1015 427 REFLUXUS
1036 348 1215 425 Martis(
1405 360 1468 426 259

177 520 382 601 conversione
403 534 512 599 circuli
534 535 566 599 A
582 534 666 599 ΜΒ
688 535 769 599 circa
784 511 972 599 diametium
990 534 1021 598 A
1037 535 1084 610 133
1107 534 1209 619 sitque
1223 530 1468 597 semi-diameter

176 646 209 709 A
225 643 254 707 C
274 668 306 701 =
327 642 356 707 B
374 642 404 707 C
423 666 455 701 ε
475 663 508 719 r3
531 642 591 707 erit
605 642 673 727 ipsa
691 641 872 726 superficies
890 666 924 701 .·.·.
943 649 999 705 2ae
1012 662 1029 703 r
1043 662 1069 705 r.
1114 640 1186 705 Jsm
1201 637 1375 704 attrahatur
1396 637 1466 700 haec

177 750 358 837 superficies
373 752 414 817 ud
431 752 534 817 Solem
551 751 713 815 Lunamve
732 752 765 814 in
789 752 822 829 S,
845 751 996 815 existente
1010 749 1155 814 Anauni
1172 748 1240 814 SC
1261 772 1292 807 =
1312 770 1348 825 ες
1371 758 1465 832 atque

178 859 220 923 ad
234 859 298 923 vim
312 858 439 925 totalem
454 880 507 923 seu
523 870 668 923 conatum
683 879 747 942 quo
760 857 884 943 integra
898 856 1077 941 superficies
1094 855 1136 921 ad
1158 856 1183 921 S
1205 854 1321 932 tendet,
1343 853 1464 917 inveni-

177 969 304 1046 endum,
319 968 513 1053 concipiatur·
527 966 661 1033 annulus
675 966 799 1054 genitus
814 965 1017 1031 conversione
1031 964 1178 1029 elementi
1198 964 1239 1029 M
1252 984 1286 1027 m
1300 963 1382 1027 circa
1396 952 1471 1026 dia·¹

176 1088 312 1140 metrum
334 1076 365 1140 A
381 1075 420 1152 B,
444 1094 516 1160 quoe
536 1084 683 1159 protensa
704 1092 762 1157 per
784 1073 808 1137 S
829 1083 974 1137 transeat.
1029 1072 1144 1137 Positis
1168 1071 1264 1160 igitur
1289 1072 1356 1137 SP
1376 1098 1408 1133 =
1427 1094 1461 1151 x,

178 1185 255 1251 PM
271 1208 304 1245 =
318 1207 349 1270 y,
374 1184 433 1247 erit
452 1204 509 1267 per
530 1188 554 1264 §.
569 1180 705 1267 proeced.
720 1192 851 1245 conatus
870 1178 964 1264 bujrn
978 1180 1087 1245 annuli
1106 1181 1140 1245 in
1159 1179 1330 1245 directione
1346 1180 1374 1245 P
1386 1180 1410 1247 S
1424 1205 1457 1241 =

722 1358 753 1391 =
775 1292 1195 1416 dx,eritMm=[‘i.¹f,
1218 1340 1462 1419 εἰκῆ-Π

182 1502 1045 1584 :sax-aa÷rr‚undesnnulieouausver-

176 1642 229 1708 sris
247 1646 344 1712 Serit
363 1672 395 1708 =
497 1639 518 1672 ³
534 1613 557 1677 s
571 1636 588 1674 Γ
602 1634 625 1675 x
639 1612 697 1675 dx
795 1649 883 1733 cujus
894 1647 1045 1734 integrale

416 1713 774 1795 (tax-afim}

175 1870 222 1924 est
241 1884 274 1919 =
292 1858 320 1924 O
338 1868 372 1937 -Ι-
389 1820 886 2005 mia
905 1880 969 1945 quo
990 1880 1043 1921 co-

174 2046 273 2112 natus,
304 2033 456 2117 portionis
496 2028 671 2117 superficiei
711 2033 874 2117 sphaerioe
917 2056 1043 2101 conver·

175 2181 261 2246 sione
282 2202 372 2245 arcus
398 2182 429 2246 A
444 2179 484 2247 M
509 2190 586 2243 ortae
611 2178 749 2265 prodibit
776 2206 808 2242 =
830 2144 985 2241 Q
1006 2191 1041 2259 -Ι-
1091 2181 1131 2272 ξ

880 2265 935 2307 aa

173 2353 614 2539 iffi.
659 2392 767 2468 Quare
782 2395 808 2459 si
822 2404 958 2479 ponatur
976 2392 1043 2457 SP
1122 2255 1284 2718 ι

179 2560 386 2627 :SBseu
414 2583 437 2625 x
464 2586 496 2621 =
523 2571 1044 2652 a-t-nemergetcpuatusto-

123 2780 127 2790 Ι
174 2706 235 2771 tius
269 2706 444 2791 superficiei
484 2706 645 2792 sphaericae
680 2734 712 2771 =
744 2675 921 2776 Ἧι
951 2687 1088 2797 hincque

798 2796 817 2837 a
831 2797 851 2837 s

174 2876 247 2943 crim
270 2878 340 2963 ipsa
361 2876 539 2963 superficies
562 2879 602 2945 sit
622 2904 653 2939 =
673 2888 728 2943 tu
741 2902 758 2943 r
773 2902 799 2958 r,
826 2882 886 2946 erit
906 2882 953 2947 vis
974 2881 1175 2947 acceleratrix
1197 2882 1259 2968 qni
1281 2882 1461 2969 superficies

175 3026 328 3111 mbaerica
342 3032 414 3091 actu
428 3023 535 3091 versris
552 3026 575 3091 S
590 3027 697 3092 tendet
716 3052 748 3087 =
770 2994 841 3157 ,ξι-ἶ,
858 3030 993 3117 idebque
1006 3042 1102 3110 tanta,
1118 3044 1235 3116 quanta
1248 3031 1337 3111 soret,
1354 3033 1381 3096 si
1395 3044 1460 3097 tota

175 3204 355 3289 superficies
369 3205 402 3269 in
417 3216 525 3270 centro
541 3205 570 3271 C
584 3218 665 3273 esset
679 3206 816 3275 collecta.
846 3222 851 3229 '

218 3320 243 3396 §.
258 3322 311 3379 21.
335 3311 419 3377 Cum
440 3314 534 3401 igitur
556 3315 736 3399 superficies
751 3317 905 3402 spboerica
925 3319 1057 3403 perinde
1070 3320 1112 3384 ad
1135 3319 1242 3399 Solem
1255 3317 1319 3381 sive
1335 3315 1460 3379 Lunum

174 3423 208 3485 in
224 3424 247 3488 S
263 3423 453 3502 sollicitetur,
470 3446 507 3489 ac
522 3425 549 3489 si
564 3438 630 3491 tota
643 3426 676 3489 in
692 3427 761 3511 ipso
776 3440 884 3493 centro
898 3441 979 3494 esset
993 3429 1136 3506 conflata,
1152 3428 1221 3493 bac
1234 3426 1408 3511 proprietas
1419 3422 1461 3487 ad

176 3552 286 3601 ornnes
301 3534 480 3616 superficies
495 3532 674 3617 sphaericos,
690 3556 731 3599 ex
746 3536 859 3621 quibus
880 3522 1002 3624 integra
1015 3534 1139 3621 sphaera
1152 3534 1324 3619 composita
1337 3530 1461 3615 concipi

177 3650 289 3725 potest,
312 3642 439 3727 patebit,
463 3642 634 3711 dnmmodo
654 3644 785 3733 singuloe
798 3642 851 3709 hue
865 3645 1045 3731 superficies
1060 3667 1101 3711 ex
1114 3642 1244 3707 materia
1265 3638 1461 3727 homogeneai

175 3760 326 3825 constent,
342 3750 406 3814 sive
421 3749 506 3837 quod
521 3750 631 3814 eodem
647 3750 737 3829 redit,
754 3752 821 3835 ipsa
837 3751 961 3837 sphaera
975 3754 1009 3816 in
1027 3751 1136 3815 iisdem
1151 3774 1172 3814 a
1185 3737 1293 3814 ceirtro
1307 3746 1481 3851 distantiis¹

175 3856 220 3919 sit
228 3854 317 3940 seque
332 3856 438 3921 densa.
484 3858 581 3923 Hanc
595 3858 718 3925 obrem
732 3860 884 3944 ejusmodi
906 3861 1030 3947 sphera
1045 3882 1170 3947 quoque
1182 3859 1314 3943 perinde
1327 3857 1368 3921 ad
1384 3858 1408 3923 S
1427 3858 1459 3920 in

175 3962 347 4029 directione
362 3964 390 4028 P
406 3967 429 4031 S
443 3966 616 4053 urgebitur,
632 3990 670 4031 ao
684 3967 711 4031 si
732 3979 798 4033 tota
818 3968 917 4053 ipsius
930 3968 1061 4033 materia
1074 3969 1108 4031 in
1122 3981 1231 4033 centro
1247 3966 1276 4031 C
1290 3977 1372 4031 esset
1385 3986 1462 4030 con·

174 4086 332 4152 centrata3
354 4075 484 4163 haecque
505 4078 680 4163 proprietas
700 4098 766 4141 non
789 4076 891 4143 solium
911 4078 945 4142 in
965 4076 1120 4163 ejusmodi
1141 4074 1280 4159 sphaeras
1302 4074 1460 4159 competit,

174 4204 246 4268 qnae
267 4194 342 4247 totae
363 4204 404 4247 ex
425 4183 555 4247 materiir
571 4182 717 4261 uniformi
731 4196 805 4249 sunt
819 4184 980 4263 confectae,
1000 4184 1165 4249 sedetiam
1179 4196 1216 4247 ut
1230 4184 1298 4268 jam
1313 4180 1462 4245 indicavi·

174 4312 253 4369 mus,
269 4291 302 4354 in
317 4290 404 4369 tales,
421 4312 493 4377 quae
506 4314 548 4357 ex
561 4292 689 4357 materiai
704 4302 849 4357 constant
861 4293 1009 4369 difformi,
1021 4290 1196 4371 dummpdo
1210 4289 1245 4355 in
1258 4290 1432 4377 aequalibus
1443 4314 1463 4355 a

174 4412 282 4469 centro
293 4402 455 4479 distantiis,
472 4403 602 4467 materia
613 4402 855 4489 circumquaque
866 4403 907 4467 sit
919 4404 1116 4489 homogenea
1130 4422 1185 4464 seu
1199 4400 1309 4463 saltem
1325 4400 1465 4484 ejusdem

174 4506 345 4576 densitatis.
393 4508 476 4575 Crim
497 4511 593 4597 igitur
608 4511 742 4576 Terram
757 4512 815 4577 sibi
837 4524 1062 4598 reprrsentare
1082 4510 1175 4575 liceat
1188 4523 1339 4598 tanquam
1360 4510 1465 4595 spbae·

173 4636 252 4696 ram,
278 4620 303 4683 si
328 4640 455 4714 nontex
475 4618 623 4685 uniformi
645 4619 774 4687 materiir
797 4620 974 4700 conflatam,
997 4632 1102 4686 tamen
1119 4620 1190 4685 siue
1212 4620 1278 4685 ulio
1296 4640 1404 4685 errore
1422 4617 1466 4683 ita

799 4728 821 4777 T
831 4736 847 4777 4
