3284 5517
210 368 311 472 mvi
368 386 425 501 sp
576 406 859 479 musonii>
881 412 1018 479 rann
1042 366 1131 481 iia.
1198 409 1199 414 ‘
1311 416 1409 495 [cu.
1425 412 1492 481 111.

208 579 314 645 medio
336 581 376 646 ad
398 582 502 649 locum
526 585 607 649 Solis
627 586 865 662 inveniendum
895 585 968 651 edm
993 588 1077 651 enim
1102 599 1225 671 ternpus
1241 582 1403 671 'apperens
1426 610 1493 651 non

208 686 341 749 multum
355 686 478 753 differat
493 712 511 753 a
526 702 665 775 tempore
679 692 792 769 medi0,
816 692 992 757 differentia
1004 694 1087 757 inter
1101 688 1313 757 ascensionem
1328 706 1445 757 rectam
1459 708 1494 758 et

208 792 436 881 longitudinem
457 797 592 860 mediam
616 798 697 862 Solis
719 811 766 863 est
788 822 883 885 quam
903 797 1048 885 proxim&
1069 799 1188 877 eadem,
1212 797 1277 862 sive
1295 820 1354 883 per
1367 814 1492 885 ternpus

208 902 356 981 medium,
373 903 437 967 sive
451 928 510 989 per
524 918 646 992 tempus
662 904 815 993 apparens
829 910 1014 994 inquiratur.

250 1018 303 1079 47.
325 1012 485 1089 Jamflvert
500 1014 527 1077 si
541 1026 681 1101 ternpore
696 1017 804 1101 quovis
819 1007 1186 1101 apparente'observetur
1202 1014 1283 1079 Solis
1298 1014 1440 1079 ascensio
1458 1026 1492 1079 et

207 1119 381 1219 longitudo,
392 1142 475 1200 vera,
498 1118 633 1209 indeque
655 1114 792 1187 eruatur¹
804 1124 902 1208 ipsius
923 1121 1086 1211 longitudo
1107 1120 1212 1186 media
1227 1122 1295 1206 (44)
1312 1144 1348 1185 ao
1366 1119 1501 1205 tempus

207 1252 360 1316 apparens
385 1244 582 1297 convertatur
606 1234 640 1295 in
664 1243 787 1316 tempus
812 1232 951 1296 medium
974 1222 1043 1317 (47)
1067 1222 1251 1294 hebebinius
1276 1230 1381 1293 locum
1406 1230 1490 1294 Solis

206 1339 344 1403 medium
358 1362 416 1425 pro
431 1340 505 1403 dato
515 1332 664 1424 temporis
678 1339 778 1403 medii·
788 1334 957 1417 momento,
969 1352 1000 1403 et
1010 1338 1062 1403 hie
1076 1337 1234 1401 locus'erit
1244 1336 1336 1399 radix
1346 1350 1489 1399 motuum

209 1445 299 1523 Solis,
323 1458 516 1510 momentum
537 1444 612 1509 vero
632 1445 782 1530 temporis
797 1442 894 1510 medii
908 1427 1016 1510 datrun
1031 1444 1152 1530 epocha
1166 1457 1342 1529 temporum
1357 1464 1490 1528 eompu-

206 1550 392 1627 tandorum3
422 1548 649 1637 quibus's'emel
672 1551 846 1617 constitutis
863 1548 912 1615 ‘ad
937 1552 1099 1638 quodlibet
1123 1550 1209 1614 aliud
1230 1550 1339 1615 datum
1363 1552 1489 1635 tempus

205 1658 343 1722 medium
368 1660 417 1724 vel
441 1680 593 1745 apparens
618 1660 749 1724 inveniri
770 1660 885 1745 poterit
904 1660 991 1725 loeus
1016 1660 1097 1725 Solis
1124 1682 1216 1724 vems
1241 1660 1291 1723 vel
1311 1658 1433 1723 medius
1453 1660 1488 1722 in

208 1767 349 1852 eclipticai
373 1781 404 1831 et
430 1756 547 1833 contri.
594 1768 806 1854 Exposuimus
827 1770 895 1854 jam
921 1771 989 1854 (44)
1016 1768 1174 1856 quomodd
1199 1760 1286 1833 loeus
1308 1768 1390 1835 Solis
1413 1766 1489 1831 dato

205 1883 345 1958 tempore
365 1874 469 1938 medio
484 1871 665 1961 inquiratur.
712 1876 747 1939 si
760 1868 869 1938 datum
884 1876 924 1939 sit
938 1888 1061 1961 tempus
1075 1898 1242 1962 apparens,
1257 1876 1320 1940 h'oe
1333 1888 1486 1961 tanquam

204 1962 328 2065 ternpus
350 1980 488 2044 medium
508 1992 674 2065 usurpetur
688 1993 720 2043 et
734 1993 892 2065 quoeratur
906 1980 997 2045 locus.
1010 1982 1092 2047 Solis
1106 2004 1197 2046 verus
1211 1982 1286 2046 huic
1300 2003 1486 2065 correspon-

205 2086 284 2149 dens
316 2087 404 2170 (44);
442 2086 554 2151 deinde
583 2086 771 2175 longitudini
801 2088 883 2153 Solis
907 2089 952 2153 sie
976 2090 1112 2155 inventae
1133 2103 1256 2155 tantum
1280 2090 1486 2177 longitudinis

204 2174 338 2259 addatur
358 2193 408 2259 vel
428 2194 571 2259 dematur
586 2207 736 2280 quantum
755 2194 903 2279 temporis
918 2197 1086 2282 aequationi
1100 2196 1231 2261 debetur
1245 2209 1278 2261 et
1290 2195 1335 2261 iti
1347 2196 1488 2281 prodibit

203 2302 290 2368 locus
311 2303 392 2368 Solis
409 2304 544 2389 tempori
558 2304 720 2389 apparenti
735 2303 937 2388 respondens.
984 2305 1089 2369 Facile
1102 2317 1150 2369 est
1164 2327 1206 2369 ex
1219 2304 1310 2368 dietis
1324 2303 1487 2389 problema

203 2412 359 2475 inversum
382 2411 510 2489 solvere,
534 2434 589 2475 seu
606 2434 647 2474 ex
661 2410 734 2475 dato
748 2410 818 2475 loco
835 2410 917 2475 Solis
930 2410 1037 2473 medio
1049 2422 1106 2476 aut
1120 2432 1195 2476 vero
1208 2423 1331 2496 tempus
1346 2409 1488 2475 medium

203 2535 257 2585 aut
270 2544 423 2607 apparens
438 2520 512 2587 huic
530 2520 611 2587 Solis
625 2520 696 2585 loco
711 2518 903 2603 respondens
918 2519 1066 2583 invenire.

245 2639 297 2695 48.
322 2628 390 2693 Nec
409 2652 490 2715 opus
510 2641 558 2693 est
579 2640 614 2692 ut
628 2626 809 2691 moneamus
824 2626 949 2691 easdem
963 2650 1031 2691 esse
1044 2640 1187 2691 motuum
1202 2628 1373 2691 coelestium
1387 2646 1487 2710 appa-

202 2735 337 2812 rentia3,.
350 2734 414 2799 sive
436 2734 551 2797 coelum
572 2754 664 2797 omne
686 2754 758 2795 cum
781 2731 877 2795 stellis
898 2730 983 2795 circii
995 2732 1139 2796 tellurem
1154 2745 1242 2797 motu
1257 2732 1369 2796 diurno
1384 2730 1487 2795 revol-

201 2856 292 2909 vatur
313 2844 354 2907 ab
375 2844 496 2909 oriente
516 2844 550 2907 in
568 2840 775 2919 occidentem,
798 2840 863 2905 sive
884 2854 968 2905 terra
990 2840 1072 2905 cited
1084 2842 1249 2927 proprium
1262 2863 1354 2905 axem
1370 2838 1485 2903 eodem

200 2966 342 3037 tempore
364 2952 405 3015 ab
431 2950 591 3015 occidente
617 2951 650 3013 in
675 2961 829 3013 omanem
850 2949 989 3011 eonverti
1013 2962 1206 3034 supponatur
1230 2949 1361 3012 immoto
1381 2948 1492 3024 coelog

204 3058 269 3123 sive
291 3060 386 3137 etiam
401 3072 487 3123 terra
501 3058 629 3123 iurmota
643 3069 767 3121 meat
781 3068 813 3120 et
827 3055 884 3119 sol
897 3057 1027 3141 proprio
1040 3068 1129 3119 motu
1142 3056 1183 3119 ab
1197 3077 1309 3119 oceasu
1324 3053 1365 3118 ad
1379 3066 1486 3118 ortum

202 3168 329 3246 feratur,
353 3190 407 3233 seu
429 3168 635 3233 cireaSolem
655 3168 820 3231 morotum
841 3178 926 3229 terra
939 3178 1027 3231 motu
1042 3189 1147 3231 annuo
1167 3162 1428 3233 cucumvolvaur
1449 3165 1486 3229 in

202 3276 347 3362 ecliptiod
413 3276 497 3341 Nam
517 3276 551 3341 in
572 3274 704 3362 utrique
722 3274 941 3359 suppositione
957 3273 1104 3339 diametri
1124 3286 1308 3360 apparentes
1322 3271 1355 3337 et
1367 3272 1494 3338 veloci-2

202 3400 280 3453 utos
293 3380 519 3451 idativaeumt
537 3380 665 3450 eedem.
1485 3378 1489 3383 ’

1565 272 1585 307 0
