3284 5517
129 374 210 439 Car.
226 373 308 455 ΙΙΙ.]
512 377 580 444 AD
602 378 827 446 TERTIUM
850 377 1063 475 LlsltUM„
1317 379 1419 444 xxxiii

126 548 268 633 100110οκ
288 548 348 613 visi
361 562 445 615 saut.
493 550 590 617 Unde
610 566 722 617 notum
743 554 862 617 sachun
882 564 930 617 ast
959 554 1106 619 Plauetas
1119 552 1191 617 illos
1203 576 1272 617 esse
1285 573 1420 636 corpora

125 680 227 742 opaca
251 682 270 724 a
296 659 381 725 Sole·
396 660 558 726 illustrata.
605 662 644 726 In
666 662 756 739 Jove,
781 661 890 727 Marte
903 684 941 725 ac
955 662 1080 726 Venere
1093 662 1227 727 mactdoe
1245 662 1419 727 observata

124 764 253 831 fuerunt
262 790 395 853 quarum
403 780 509 833 motus
521 770 707 833 rotationem
719 768 846 831 illorum
855 768 1053 853 planetarum
1063 765 1320 853 cirotiproprium
1327 790 1421 835 axem

123 874 249 959 probat.
302 873 523 940 Circa-lovem
538 890 674 963 quatuor
687 877 806 941 revolvi
821 876 968 941 videntur
982 876 1101 941 lunula
1114 878 1203 942 Jovis
1218 900 1333 962 corpus
1345 900 1419 962 per-

123 980 223 1069 petud
245 984 436 1049 conitentes.
482 984 564 1049 Sunt
585 1006 694 1049 omnes
716 996 753 1048 ut
774 996 805 1049 et
827 985 952 1068 Jupiter
964 985 1033 1069 ipse
1052 1006 1185 1071 corpora
1199 1008 1298 1070 opaca
1311 986 1419 1052 lumen

126 1110 219 1155 suum
231 1112 251 1152 a
263 1088 337 1154 Sole
348 1090 539 1165 mutuantia3
554 1110 628 1153 nam
638 1090 717 1155 Jove
731 1092 814 1154 inter
828 1092 912 1175 ipsas
922 1102 955 1155 et
966 1091 1073 1155 Solem
1086 1090 1310 1156 diametraliter
1323 1091 1420 1158 inter-

126 1199 243 1284 posito,
270 1198 389 1263 lumine
413 1200 580 1285 privantur
604 1213 636 1265 et
661 1199 740 1264 00010
764 1222 876 1263 sereno
901 1212 1108 1275 evanescunt3
1137 1200 1192 1263 ubi
1214 1198 1290 1265 verb
1315 1200 1420 1287 aliqua

124 1306 258 1371 Jovialis
278 1306 407 1371 Ltmula
426 1307 509 1371 inter
533 1306 639 1371 Solem
654 1318 687 1371 et
699 1307 813 1371 Jovem
827 1308 949 1383 transit,
965 1308 1033 1392 ejus
1047 1306 1161 1371 umbra
1173 1307 1273 1371 instar
1285 1307 1420 1373 maculas
1520 1367 1524 1374 .

124 1416 228 1501 nigrae
252 1437 290 1478 ac
314 1413 459 1478 rotundae
481 1414 667 1477 observabat
695 1414 729 1477 iu
758 1414 828 1497 ipso
851 1414 940 1478 Jovis
964 1412 1063 1479 disco.
1123 1413 1274 1499 Chrinque
1300 1410 1420 1498 pariter

125 1520 266 1587 Luuular
283 1522 453 1625 &uuum
468 1532 656 1583 mmntur
670 1532 703 1584 et
718 1519 802 1583 010001
816 1541 889 1583 eum
903 1520 1112 1585 revolutiones
1127 1542 1199 1585 suas
1214 1534 1313 1608 agunt
1325 1522 1419 1589 lumi·
1459 1540 1467 1547 ’

125 1652 232 1717 neque
250 1629 416 1714 privantur
437 1628 514 1693 dum
539 1628 619 1691 radii
636 1628 760 1693 Solares
776 1650 795 1691 a
811 1627 941 1693 Saturni
954 1648 1086 1711 corpore
1100 1649 1201 1711 opaco
1214 1628 1419 1713 intercipiun-

13 1722 14 1781 1
125 1751 188 1803 tur.
203 1762 207 1769 ·
231 1734 402 1823 Hugeuius
412 1757 454 1801 ex
466 1736 604 1821 propriis
614 1735 886 1801 observationibus
899 1736 1006 1800 intulit
1017 1737 1190 1803 Saturntuu
1203 1737 1289 1824 cingi
1301 1738 1420 1803 amulo

125 1845 223 1923 tenui,
245 1845 353 1929 plano,
375 1866 531 1930 nusquam
550 1843 727 1909 mhoerente
748 1867 821 1909 cum
843 1866 975 1930 corpore
988 1846 1117 1911 Saturni
1129 1858 1163 1911 et
1176 1845 1218 1911 ad
1233 1846 1420 1932 Eoliptioam

13 1936 15 2047 Ξ
126 1955 298 2030 inclinato3
321 1976 393 2040 quae
417 1953 611 2039 hypothesis,
634 1954 662 2018 si
675 1952 720 2019 iat
733 1976 818 2019 uuue
832 1965 936 2039 potest
950 1954 1111 2040 appellari,
1126 1978 1193 2023 non
1205 1953 1310 2021 solum
1325 1958 1420 2023 Phoe.

13 2048 14 2073 ³
123 2060 270 2125 nomenis
290 2059 330 2123 ab
353 2059 507 2146 Hugenio
528 2058 709 2135 observatis,
730 2059 787 2124 sed
808 2072 841 2123 et
861 2060 931 2124 aliis
951 2060 1096 2144 plurimis
1121 2084 1194 2147 quae
1214 2062 1330 2151 maguti
1349 2063 1421 2130 dili·

124 2168 232 2259 gentiis
255 2192 275 2232 a
298 2168 431 2233 Cassiuo
452 2179 484 2233 et
511 2168 661 2233 Maraldo
682 2167 849 2233 observata
866 2166 954 2232 fuere
979 2167 1137 2233 satisfacit.
1191 2168 1337 2233 Tandem
1362 2194 1421 2255 per

13 2264 14 2267 ¹
123 2280 331 2365 teleseopium
352 2279 450 2343 stellae
471 2278 565 2367 longe
585 2280 691 2364 plures
706 2300 801 2365 quam
815 2276 909 2341 oculo
921 2276 1009 2341 nudo
1023 2289 1211 2354 00000οωος
1236 2278 1342 2344 Stellae
1355 2279 1419 2345 illae

13 2388 14 2397 ἦ
125 2413 205 2479 quas
226 2390 395 2455 nebulosas
417 2390 527 2455 dicunt
547 2400 579 2453 et
592 2390 716 2477 integra
740 2388 791 2453 via
813 2387 915 2453 lactea
927 2387 1008 2451 nihil
1021 2386 1109 2451 aliud
1122 2400 1197 2453 sunt
1210 2410 1306 2473 quam
1319 2388 1418 2475 pluri.

124 2520 250 2561 marum
265 2496 424 2561 stellarum
438 2519 510 2584 quae
525 2494 618 2560 oculo
631 2518 697 2560 non
711 2494 949 2582 distinguuntur
962 2494 1135 2582 congeries.
1178 2494 1280 2561 Novoe
1294 2518 1421 2582 quoque

13 2644 15 2651 .
123 2606 159 2669 in
188 2604 274 2669 caeljs
302 2605 400 2669 atella
421 2616 576 2690 apparent
597 2616 629 2670 et
650 2626 722 2691 quae
744 2602 817 2668 ante
840 2602 1039 2681 videbantur,
1061 2622 1291 2688 nonnunquam
1310 2603 1421 2680 incon·

128 2714 260 2800 spicuae·
275 2714 367 2803 liunt,
398 2714 523 2779 illamm
553 2714 698 2801 quedam
736 2711 941 2799 apparitionis
969 2722 1003 2777 et
1030 2709 1242 2796 disparitiouis
1271 2711 1420 2797 periodos
1508 2750 1512 2755 -

126 2824 247 2888 habent
260 2846 332 2910 quae
346 2823 514 2911 quamdam
528 2822 761 2911 regularitatem
782 2820 927 2885 obtinem
940 2818 1096 2897 videntur,
1112 2840 1284 2905 eurumque
1296 2818 1420 2907 magni·

125 2934 205 2999 tudo
219 2935 278 2999 sub
292 2935 382 2999 initio
397 2934 601 3019 apparitionis
615 2932 726 2998 crescit
740 2942 773 2995 et
786 2931 846 2995 sub
859 2931 958 2995 linem
970 2928 1158 3000 decrescit..
1197 2976 1203 2989 .
1365 2984 1370 2991 .

168 3050 222 3106 tu.
248 3042 282 3107 Si
298 3044 413 3127 sapius
428 3043 613 3107 observetur
627 3054 695 3107 tum
709 3054 815 3106 motus
831 3040 915 3107 Solis
927 3041 963 3104 in
977 3038 1133 3125 Ecliptioti
1155 3039 1225 3125 (15)
1240 3050 1309 3105 tum
1322 3040 1421 3124 ipsius

125 3152 278 3217 diameter
302 3176 458 3239 apparens
484 3154 554 3239 (39)
581 3150 676 3239 qudm
702 3151 773 3215 fieri
794 3163 900 3236 potest
927 3146 1170 3225 aoemafissime,
1197 3145 1282 3213 01001
1309 3146 1421 3214 datum

124 3272 278 3344 puuctum
302 3260 336 3323 in
361 3260 457 3346 plano
478 3258 615 3324 describi
640 3258 757 3344 poterit
778 3280 876 3322 curva
895 3255 1139 3321 similisorbitoe
1154 3275 1249 3340 quam
1266 3252 1422 3320 soleret

124 3380 241 3433 terram
265 3391 451 3455 percurrere
473 3369 607 3433 videtur.
664 3367 748 3434 Nam
773 3365 847 3431 culm
868 3366 1013 3430 diametri
1039 3364 1121 3430 Solis
1145 3378 1344 3449 apparentes.
1358 3364 1422 3429 sint

123 3475 285 3562 reciproce
307 3488 344 3541 ut
365 3477 462 3562 ipsius
486 3498 505 3540 a
527 3476 638 3541 tellure
659 3476 894 3553 distantia-ex
916 3473 997 3539 datis
1017 3474 1178 3539 diametris
1197 3472 1421 3559 apparentibus

124 3581 241 3647 dautur
263 3583 481 3649 distantiarum
501 3585 637 3649 rationes
660 3595 692 3648 et
713 3604 754 3647 ex
776 3583 852 3647 dato
873 3581 956 3647 Solis
970 3594 1060 3647 motu
1072 3582 1107 3645 in
1121 3580 1288 3665 Ecliptici‚
1305 3580 1421 3645 dantur

15 3772 16 3775 Ἴ
124 3690 231 3779 anguli
245 3692 329 3755 inter
342 3692 410 3756 illas
425 3692 587 3756 distantias
603 3690 751 3755 conteuti.
777 3738 780 3743 .
798 3690 833 3753 Si
849 3687 926 3753 verb
940 3710 982 3753 ex
994 3688 1177 3774 hujusmodi
1192 3688 1421 3753 observationi·

15 3878 16 3901 ¹
123 3798 183 3862 bus
206 3797 406 3864 conferantur
428 3800 573 3865 diametri
596 3808 784 3884 apparentes
801 3798 884 3863 Solis
898 3820 972 3862 cum
986 3798 1085 3882 ipsius
1098 3797 1244 3885 angulari
1256 3796 1423 3861 velocitate

124 3904 209 3971 010001
230 3920 355 3985 terram,
381 3920 512 3994 apparet
532 3930 620 3973 aretas
644 3930 721 3996 quas
745 3907 801 3973 Sol
820 3907 910 3972 radio
924 3906 966 3970 ad
982 3920 1097 3971 terram
1112 3906 1209 3971 ducto
1222 3906 1329 3983 verrit,
1352 3928 1422 3971 esse

124 4016 320 4101 temporibus
334 4018 594 4102 proportionales,
610 4018 754 4105 Solisque
768 4016 904 4081 orbitam
914 4040 981 4081 non
990 4017 1125 4081 multum
1135 4016 1261 4081 differre
1271 4040 1292 4081 a
1302 4015 1420 4082 0100010

126 4134 159 4188 et
177 4123 290 4187 haberi
311 4146 404 4209 posse
425 4146 485 4210 pro
508 4124 609 4211 ellipsi
624 4126 712 4211 cujus
728 4124 912 4190 umbilicum
926 4124 1060 4189 altemm
1074 4130 1209 4209 occupat
1222 4136 1316 4189 terra.
1361 4122 1418 4189 Est

127 4244 234 4297 autem
252 4232 333 4299 Solis
349 4233 501 4298 diameter
516 4257 670 4321 apparens
685 4235 826 4299 maxima
841 4239 890 4299 82‘
906 4240 975 4312 to',
993 4248 1025 4299 et
1038 4236 1169 4303 minima
1184 4236 1236 4300 31¹
1252 4238 1310 4301 ad
1327 4232 1421 4320 juxte

126 4340 171 4407 D.
198 4340 322 4405 Cassini
342 4340 376 4403 in
399 4340 533 4406 Tabulis
553 4342 783 4407 Astronomicis
817 4354 849 4405 et
864 4340 942 4405 ideh
963 4342 1102 4405 maxima
1123 4341 1271 4406 distantia
1297 4341 1379 4407 Solis
1400 4364 1420 4405 a

125 4449 210 4515 tent
226 4464 274 4515 est
288 4450 328 4515 ad
344 4448 524 4515 distantiam
538 4452 701 4515 minimam
715 4463 752 4516 ut
768 4451 819 4516 32‘
840 4452 900 4515 td‘
923 4450 966 4515 ad
989 4454 1038 4515 31‘
1057 4451 1126 4527 36”,
1143 4448 1208 4513 sive
1223 4461 1259 4514 ut
1276 4460 1360 4516 1960
1378 4450 1421 4513 ad

128 4564 213 4623 1896
241 4556 376 4637 circiter,
405 4556 471 4622 sive
498 4565 560 4623 245
581 4558 623 4623 ad
646 4565 721 4627 287.
779 4558 832 4622 Ex
861 4556 1014 4623 similibus
1043 4556 1320 4635 observationibus,
1350 4571 1418 4623 tum

160 4664 222 4715 vor.
237 4666 291 4717 lll.
801 4667 821 4715 C
