3284 5517
182 360 294 429 Lmen
303 362 486 445 Tanarus]
512 356 1154 435 PRINCIPIAMATHEMATICA.
1418 360 1480 425 199

182 536 303 603 circum
317 560 395 601 axes
409 558 494 614 suos,
510 556 583 623 quoe
597 556 671 600 eum
684 535 823 599 motibus
839 533 991 599 vorticum
1004 556 1177 622 congruere
1188 528 1350 613 deberent,
1362 532 1404 597 ab
1414 554 1483 597 om·

178 645 272 709 nibus
294 644 381 709 hisce
401 641 659 729 proportionibus
680 640 870 734 discrepant.
917 640 1028 705 Motus
1050 653 1244 705 cometarum
1267 652 1341 705 sunt
1359 634 1482 705 summe

178 754 351 841 regulares,
378 764 411 818 et
434 752 562 817 easdem
586 752 674 838 leges
699 772 770 815 cum
794 749 994 835 planetarum
1015 734 1154 813 motibus
1171 748 1349 827 observant,
1371 760 1404 813 et
1421 769 1481 833 per
1550 738 1553 753 ’

118 879 121 889 ·
178 862 316 927 vortices
331 851 484 947 explicari
503 870 674 947 nequeunt.
720 859 879 923 Feruntur
894 872 1024 923 cometae
1037 858 1174 923 motibus
1188 856 1279 921 valde
1300 850 1482 923 eccentricis

179 971 215 1035 in
229 994 340 1036 omnes
354 961 507 1036 celorum
520 982 638 1055 partes,
654 970 740 1057 quod
754 968 825 1033 fieri
843 992 914 1034 non·
923 981 1037 1055 potest,
1052 969 1114 1035 nisi
1128 970 1261 1033 vortices
1276 968 1436 1033 tollantur.
1467 1000 1470 1009 ·

224 1080 413 1168 Projectilia,
435 1080 471 1144 ia
491 1082 564 1145 aiire
578 1091 697 1158 nostro,
722 1079 821 1143 solam
842 1080 922 1143 a‘e'ris
936 1080 1145 1145 resistentiam
1160 1080 1307 1143 sentiunt.
1350 1077 1480 1145 Sublato

178 1191 262 1267 ae're,
285 1200 322 1253 ut
342 1188 380 1253 fit
400 1188 436 1253 in
448 1209 550 1279 racuo
566 1186 732 1274 Boyliano,
755 1186 932 1251 resistentia
953 1185 1240 1273 cessatrsiquidem
1254 1186 1363 1271 pluma
1376 1187 1480 1251 tenuis

179 1310 212 1361 et
226 1318 340 1371 aurum
354 1295 491 1360 solidum
504 1278 619 1382 aequali
633 1316 706 1358 cum
719 1293 883 1359 velocitate
897 1294 931 1359 in
944 1293 1007 1359 hoc
1020 1316 1119 1359 vacuo
1134 1294 1262 1359 cadunt.
1307 1294 1351 1359 Et
1364 1317 1422 1380 par
1434 1310 1481 1361 est
1558 1368 1561 1373 ,

178 1407 259 1471 ratio
281 1406 455 1492 spatiorum
476 1404 660 1484 caelestium,
682 1428 754 1494 quae
768 1419 843 1471 sunt
857 1405 953 1492 superi
968 1406 1211 1492 atmosphaeram
1231 1407 1353 1482 Terrae.
1399 1410 1480 1475 Cor-

178 1538 258 1601 pora
273 1516 381 1581 omnia
393 1518 428 1581 in
441 1516 509 1581 istis
524 1516 631 1601 spatiis
652 1515 811 1583 liberrime
825 1518 945 1589 moveri
960 1516 1096 1594 debent;
1118 1529 1150 1581 et
1162 1530 1331 1604 propterea
1344 1520 1481 1605 planeta

180 1636 213 1689 et
227 1635 360 1690 cometae
373 1624 408 1688 in
422 1624 552 1689 orbibus
567 1624 677 1709 specie·
686 1636 719 1688 et
731 1624 887 1709 positione
897 1624 978 1689 datis
990 1624 1163 1708 secundum
1176 1622 1262 1713 leges
1275 1625 1371 1711 suprai
1382 1650 1481 1713 expo-

176 1733 252 1798 sitas
273 1732 428 1819 perpetub
448 1733 577 1800 revolvi.
624 1734 875 1799 Perseverabunt
889 1734 1018 1823 quidem
1039 1734 1073 1799 in
1088 1735 1217 1803 orbibus
1232 1737 1297 1803 suis
1311 1738 1480 1826 per-leges

177 1840 350 1927 gravitatis,
366 1839 423 1905 sed
437 1840 615 1928 regularem
629 1840 752 1905 orbium
764 1840 859 1906 situm
873 1840 1019 1928 primitiis
1034 1842 1197 1929 acquirere
1209 1864 1268 1929 per
1281 1843 1367 1932 leges
1383 1842 1478 1911 hasce

178 1946 308 2013 minime
322 1961 505 2035 potuerunt.
1125 2004 1128 2011 ,
1292 2010 1295 2015 ,

222 2058 364 2125 Planetae
378 2084 436 2126 sex
448 2062 638 2149 principales
652 2062 856 2129 revolvuntur
870 2060 989 2128 circum
1004 2060 1112 2129 Solem
1132 2061 1166 2127 in
1179 2062 1304 2128 circulis
1322 2062 1389 2131 Soli
1404 2084 1480 2127 con-

177 2167 333 2244 centricis,
349 2166 461 2233 eidem
474 2168 579 2254 motis
594 2167 776 2249 directione,
791 2170 825 2235 in
840 2170 954 2237 eodem
967 2170 1064 2255 plano
1078 2169 1328 2257 quamproxime.
1374 2170 1479 2235 Lunae

133 2293 135 2296 ·
177 2272 287 2336 decem
309 2274 513 2340 revolvuntur
534 2277 653 2342 circum
674 2278 821 2355 Terram,
844 2278 958 2343 lovem
972 2290 1003 2343 et
1020 2278 1192 2343 Saturnum
1212 2280 1246 2343 in
1261 2278 1385 2343 circulis
1401 2300 1480 2346 con·
1543 2334 1549 2343 .

177 2382 333 2462 centricis,
358 2384 470 2450 eidem
494 2386 599 2452 motirs
624 2386 806 2464 direcuone,
829 2384 863 2449 in
885 2384 988 2471 planis
1008 2386 1133 2451 orbium
1154 2386 1352 2473 planetarum
1368 2408 1481 2475 quam·

178 2490 335 2576 proxime.
378 2494 558 2581 '(⁸),Et.hi
578 2518 689 2561 omnes
713 2507 818 2561 motus
843 2496 1003 2583 regulares
1029 2496 1184 2584 originem
1205 2519 1271 2561 non
1295 2497 1414 2561 habent
1438 2518 1480 2561 ex

176 2603 278 2667 causis
299 2602 509 2682 mechanicis3
540 2605 696 2691 siquidem
718 2616 850 2669 cometae
871 2605 905 2669 in
927 2604 1056 2669 orbibus
1078 2605 1170 2671 valde
1189 2588 1382 2684 eccentricis,
1399 2606 1479 2671 etin

175 2732 285 2777 omnes
308 2712 461 2777 ooelorum
483 2725 589 2799 partes
610 2710 707 2778 liberi
729 2712 883 2777 feruntur.
929 2712 1005 2788 Quo
1018 2712 1122 2779 motirs
1137 2736 1254 2801 genere
1269 2724 1400 2779 cometae
1421 2734 1481 2798 per

176 2820 269 2895 orbes
290 2820 489 2906 planetarum
510 2822 673 2888 celerrime
695 2835 727 2887 et
741 2820 887 2886 facillime
903 2832 1074 2905 transeunt,
1097 2833 1129 2887 et
1150 2824 1184 2887 in
1199 2824 1330 2909 apheliis
1346 2823 1408 2887 suis
1424 2822 1481 2887 ubi

176 2930 331 2995 tardiores
353 2944 427 2996 sunt
448 2942 481 2996 et
501 2930 620 2997 diutius
642 2943 816 3008 morantur,
841 2930 937 3016 quim
951 2929 1133 3017 longissime
1148 2930 1265 2995 distant
1278 2932 1319 2995 ab
1334 2930 1478 3009 invicem,

175 3050 212 3102 ut
226 3060 261 3103 se
274 3038 387 3103 mutud
401 3036 497 3126 quim
511 3038 641 3103 minime
659 3040 795 3104 trahant
842 3036 1085 3123 Elegantissime
1098 3036 1204 3103 hoecce
1221 3038 1314 3117 Solis,
1336 3038 1479 3124 planeta-

176 3165 248 3209 rum
263 3157 296 3209 et
309 3157 504 3210 cometarum
520 3167 690 3233 compages
704 3168 769 3211 non
783 3146 845 3209 nisi
860 3143 991 3209 consilio
1006 3157 1038 3209 et
1052 3144 1193 3210 dominio
1207 3146 1287 3210 entis
1301 3144 1480 3233 intelligen-

175 3239 219 3317 tis'
230 3266 263 3317 et
275 3254 413 3337 potentis
427 3254 503 3317 oriri
517 3255 630 3339 potuit.
661 3254 705 3318 Et
720 3254 746 3318 si
761 3253 861 3319 stellae
875 3253 950 3317 fixae
965 3254 1028 3317 sint
1042 3264 1149 3317 centra
1164 3254 1311 3318 similium
1327 3266 1479 3341 systema·

175 3374 254 3440 tum,
273 3362 345 3427 baec
359 3364 466 3427 omnia
478 3364 572 3428 simili
586 3364 718 3429 consilio
732 3374 914 3427 corastmcta
928 3362 1080 3427 suberunt
1100 3363 1197 3427 Unica
1210 3362 1369 3427 dominio:
1392 3384 1476 3447 prae-

175 3470 283 3533 sertim
298 3468 371 3535 crim
385 3470 443 3535 lux
457 3471 594 3536 fixarum
608 3470 649 3536 ait
662 3470 803 3555 ejusdem
817 3482 940 3535 naturae
954 3490 991 3533 ae
1005 3469 1061 3532 lux
1078 3468 1170 3548 Solis,
1183 3481 1216 3534 et
1229 3481 1396 3556 systemata
1410 3492 1478 3533 om·

175 3578 229 3641 nia
252 3578 355 3644 lucem
380 3580 414 3643 iu
435 3578 543 3643 omnia
561 3579 695 3644 invicem
719 3578 898 3643 immittant.
944 3576 988 3641 Et
1008 3598 1049 3642 ne
1070 3576 1206 3641 fixarum
1228 3588 1398 3664 systemata
1418 3600 1477 3663 per
1523 3656 1525 3663 s

176 3688 361 3772 gravitatem
383 3708 474 3752 suam
494 3687 528 3751 in
549 3709 583 3752 ae
603 3686 717 3752 mutud
737 3684 861 3764 cadant,
884 3686 936 3751 hic
951 3687 1061 3751 eadem
1080 3686 1264 3752 immensam
1280 3686 1320 3753 ab
1341 3678 1476 3753 invicem

175 3792 352 3859 assumam
371 3795 521 3880 merie
604 3782 608 3785 ’

191 4031 198 4042 ἤ
209 3966 267 4043 (1)·
276 3968 308 4015 Et
316 3970 424 4019 lionam
432 3974 640 4035 motarregalcm.
659 3971 811 4021 Cdoberrimi
842 3971 988 4030 tribuenda
1000 3971 1041 4021 sed
1052 3988 1167 4037 magnum
1177 3973 1342 4037 philosophum
1354 3983 1401 4021 non
1409 3973 1477 4023 decet

176 4044 219 4077 vm
240 4030 346 4079 loannes
365 4044 390 4081 et
412 4034 501 4082 Daniel
522 4036 684 4094 Bernoulliua,
705 4036 769 4097 prior
784 4038 811 4085 in
843 4036 1024 4086 admiraculum
1033 4040 1205 4094 recurrere,ubi
1217 4038 1316 4101 alicujus
1328 4036 1476 4099 phaenomeni

178 4094 281 4155 Pbyrici
300 4096 403 4152 Caelesti,
422 4097 536 4159 metiar
553 4101 579 4147 in
600 4102 811 4164 Diaquisitiouibua
843 4102 956 4164 queritur
965 4100 1111 4163 explicatio.)
1145 4101 1270 4166 Numquid
1287 4104 1476 4166 pmijureCar-

177 4158 437 4220 Pysico-astronomicia
452 4164 611 4239 mcchanicam
627 4167 740 4213 horumce
758 4180 811 4212 mo·
843 4167 959 4247 tacianum
989 4166 1168 4247 philosophum¹
1182 4182 1306 4247 possumus
1332 4168 1476 4279 interrpgare

176 4231 247 4271 tuum
256 4238 391 4275 canumet
401 4230 528 4276 voracibus
542 4238 659 4289 repetunt.
696 4228 811 4278 &dcun
842 4246 944 4293 quartam
967 4245 1037 4279 causa
1063 4232 1199 4279 mechanica
1221 4242 1318 4280 vortices
1344 4247 1398 4279 secu
1433 4246 1476 4279 um

175 4287 317 4335 mechanicas
333 4289 498 4349 explicationes
514 4292 562 4340 illa·
577 4294 688 4341 omnibus
701 4294 810 4343 obnoxie
843 4296 918 4342 varias
933 4294 1071 4343 directiones
1085 4296 1198 4353 serentur,
1215 4310 1258 4343 cur
1273 4298 1419 4357 planetarum
1430 4296 1474 4345 cir-

174 4352 222 4398 aint
237 4351 414 4401 difficultaubua
430 4354 516 4417 quibus
532 4356 646 4404 vorticum
662 4358 810 4419 hypothesim
843 4357 1011 4407 cumeolarium
1028 4361 1124 4408 vortices
1139 4362 1168 4407 ab
1183 4360 1303 4409 occidente
1322 4360 1346 4407 in
1361 4360 1475 4409 orientem

173 4416 691 4533 ssffifflroemsclitrpufflbmpfflda
701 4437 750 4533 ign
765 4423 809 4469 im·
842 4422 1000 4473 moveantur?
1018 4423 1249 4535 rabbiplireuomanpp
1265 4424 1361 4535 aliquod
1380 4424 1410 4471 ad
1427 4423 1475 4485 pri·

174 4546 246 4592 habet
260 4512 332 4593 Joeii.
347 4544 500 4593 Bemmllius
515 4500 811 4598 mensurandum&
842 4502 1058 4614 pppmegcfflmm
1070 4498 1226 4600 ilidiirseii'on
1238 4504 1475 4618 ilcuoer‘drzencrlignffi

175 4608 220 4655 hcc
230 4609 280 4667 ipro
292 4610 403 4663 Newtoni
414 4610 473 4657 loco
499 4613 540 4674 (si
550 4610 626 4661 musa
637 4613 685 4660 illa
695 4629 744 4661 non
754 4626 812 4663 sunt
842 4616 1007 4681 philosophum
1020 4631 1068 4664 non
1081 4616 1184 4666 dedecet·

175 4673 324 4730 mechanicae,
342 4684 412 4723 crum
432 4679 635 4736 praternaturales
653 4688 679 4727 et
695 4678 811 4729 mimula
